Date,Product,Region,Channel,Units_Sold,Unit_Price,Production_Cost,Marketing_Spend,Customer_Rating,Return_Rate,Revenue,Profit,Profit_Margin
2021-01-31,Running Shoes,North America,Direct to Consumer,332464482,37.74,18.43,3.25,4.28,0.06,12547209550.68,5339379580.92,0.4255431902490726
2021-01-31,Accessories,Asia Pacific & Latin America,Wholesale,309051391,4.78,2.97,0.57,3.62,0.05,1477265648.98,383223724.8399999,0.25941422594142255
2021-01-31,Accessories,Asia Pacific & Latin America,Direct to Consumer,58433681,12.98,7.01,1.04,3.4,0.053,758469179.38,288078047.33,0.3798151001540832
2021-01-31,Athletic Apparel,Asia Pacific & Latin America,Direct to Consumer,147172370,27.2,14.06,2.3,4.08,0.035,4003088464.0,1595348490.8,0.39852941176470585
2021-01-31,Accessories,Greater China,Wholesale,6590164,14.02,8.69,1.26,4.64,0.045,92394099.28,26821967.480000004,0.290299572039943
2021-01-31,Athletic Apparel,Greater China,Wholesale,184318314,10.65,6.4,0.86,3.77,0.06,1962990044.1000001,624839084.46,0.3183098591549296
2021-01-31,Running Shoes,Greater China,Wholesale,173567402,33.36,19.26,3.42,4.19,0.066,5790208530.72,1853699853.3599997,0.3201438848920863
2021-01-31,Basketball Shoes,Greater China,Wholesale,293776135,37.31,21.54,4.31,3.89,0.049,10960787596.85,3366674507.100001,0.30715625837577065
2021-01-31,Running Shoes,Asia Pacific & Latin America,Direct to Consumer,72923138,39.08,19.08,4.38,4.61,0.052,2849836233.04,1139059415.56,0.39969293756397134
2021-01-31,Athletic Apparel,Greater China,Direct to Consumer,201581034,33.9,17.53,3.76,4.14,0.044,6833597052.599999,2541936838.739999,0.37197640117994085
2021-01-31,Running Shoes,Greater China,Direct to Consumer,31796972,28.85,14.08,3.23,4.0,0.056,917342642.2,366937056.88000005,0.4
2021-01-31,Running Shoes,Europe,Wholesale,50890786,21.86,12.62,2.6,4.27,0.059,1112472581.96,337914819.0400001,0.30375114364135414
2021-01-31,Accessories,Europe,Direct to Consumer,4708772,8.83,4.77,1.03,4.45,0.038,41578456.76,14267579.16,0.3431483578708947
2021-01-31,Basketball Shoes,Europe,Direct to Consumer,28609586,37.53,18.32,3.91,4.02,0.059,1073717762.58,437726665.8000001,0.40767386091127106
2021-01-31,Basketball Shoes,North America,Wholesale,220283819,20.19,11.65,1.85,3.9,0.053,4447530305.610001,1473698749.1100006,0.3313521545319466
2021-01-31,Accessories,Greater China,Direct to Consumer,242810277,3.96,2.14,0.33,3.87,0.038,961528696.92,361787312.7299999,0.3762626262626262
2021-02-28,Basketball Shoes,Greater China,Wholesale,107763237,27.9,16.1,3.28,4.16,0.057,3006594312.2999997,918142779.2399998,0.30537634408602143
2021-02-28,Running Shoes,Greater China,Wholesale,170458630,26.24,15.15,2.5,4.07,0.059,4472834451.2,1464239631.6999998,0.32736280487804875
2021-02-28,Accessories,Greater China,Wholesale,85931151,10.37,6.43,1.07,4.27,0.042,891106035.8699999,246622403.36999995,0.27675988428158144
2021-02-28,Basketball Shoes,Asia Pacific & Latin America,Direct to Consumer,13518306,45.54,22.23,4.99,4.52,0.061,615623655.24,247655365.92000002,0.40228370663153273
2021-02-28,Basketball Shoes,Asia Pacific & Latin America,Wholesale,166971418,31.67,18.28,3.01,4.25,0.041,5287984808.06,1733163318.8400006,0.32775497316072
2021-02-28,Accessories,Asia Pacific & Latin America,Direct to Consumer,3318293,18.69,10.09,1.98,4.49,0.057,62018896.17,21967099.66,0.35420010700909577
2021-02-28,Athletic Apparel,Asia Pacific & Latin America,Wholesale,83284350,14.81,8.9,1.53,4.06,0.061,1233441223.5,364785453.0,0.29574611748818364
2021-02-28,Accessories,Greater China,Direct to Consumer,21230022,25.17,13.59,2.51,4.39,0.041,534359653.74,192556299.54,0.36034962256654746
2021-02-28,Athletic Apparel,Asia Pacific & Latin America,Direct to Consumer,112650933,31.33,16.2,3.59,4.21,0.059,3529353730.89,1299991766.82,0.3683370571337376
2021-02-28,Athletic Apparel,Greater China,Direct to Consumer,75611681,28.36,14.66,3.28,4.56,0.055,2144347273.1599998,787873716.0199999,0.36741889985895626
2021-02-28,Running Shoes,Europe,Direct to Consumer,123874918,32.72,15.97,3.48,4.27,0.063,4053187316.96,1643820161.8600001,0.40556234718826406
2021-02-28,Running Shoes,Europe,Wholesale,106523578,37.83,21.84,4.01,4.42,0.04,4029786955.74,1276152464.4399998,0.31667988369019295
2021-02-28,Accessories,Europe,Wholesale,276411403,13.35,8.28,1.52,4.45,0.069,3690092230.0499997,981260480.6500001,0.2659176029962547
2021-02-28,Athletic Apparel,North America,Direct to Consumer,4907909,30.45,15.74,2.73,4.54,0.058,149445829.04999998,58796749.819999985,0.393431855500821
2021-02-28,Running Shoes,North America,Wholesale,478340778,31.43,18.15,2.63,4.05,0.059,15034250652.539999,5094329285.700001,0.3388482341711741
2021-02-28,Athletic Apparel,North America,Wholesale,194573605,32.28,19.4,2.6,3.73,0.051,6280835969.400001,2000216659.400001,0.31846344485749706
2021-02-28,Basketball Shoes,North America,Direct to Consumer,534365274,40.55,19.8,3.33,4.34,0.047,21668511860.699997,9308643073.079996,0.4295930949445128
2021-02-28,Athletic Apparel,Europe,Direct to Consumer,45823925,20.71,10.71,1.73,3.77,0.062,949013486.75,378963859.74999994,0.39932399806856583
2021-02-28,Basketball Shoes,Europe,Wholesale,266782502,36.34,20.98,3.03,4.29,0.043,9694876122.68,3289428249.6600003,0.33929554210236657
2021-02-28,Accessories,North America,Wholesale,124488377,4.19,2.6,0.45,4.39,0.048,521606299.63000005,141916749.78000006,0.2720763723150359
2021-03-31,Basketball Shoes,Greater China,Wholesale,134064924,36.99,21.35,4.42,3.66,0.038,4959061538.76,1504208447.2800002,0.30332522303325227
2021-03-31,Accessories,Asia Pacific & Latin America,Wholesale,59621469,5.39,3.34,0.45,4.07,0.052,321359717.90999997,95394350.39999999,0.29684601113172543
2021-03-31,Athletic Apparel,Asia Pacific & Latin America,Direct to Consumer,145373765,32.6,16.86,3.64,4.2,0.041,4739184739.0,1759022556.5,0.37116564417177916
2021-03-31,Basketball Shoes,Asia Pacific & Latin America,Direct to Consumer,130278220,40.73,19.89,4.29,3.66,0.046,5306231900.599999,2156104540.999999,0.406334397250184
2021-03-31,Accessories,Greater China,Wholesale,208408025,6.88,4.27,0.8,4.3,0.049,1433847212.0,377218525.2500001,0.2630813953488373
2021-03-31,Athletic Apparel,Greater China,Wholesale,177395692,27.88,16.75,2.35,4.2,0.059,4945791892.96,1557534175.76,0.3149210903873745
2021-03-31,Running Shoes,Greater China,Wholesale,253062782,25.15,14.52,2.95,4.13,0.061,6364528967.299999,1943522165.7599993,0.3053677932405566
2021-03-31,Athletic Apparel,Greater China,Direct to Consumer,313244846,33.51,17.32,3.86,4.44,0.056,10496834789.46,3862308951.179999,0.3679498657117278
2021-03-31,Athletic Apparel,North America,Direct to Consumer,190328547,25.44,13.15,2.48,3.97,0.067,4841958235.68,1867123046.0700002,0.3856132075471698
2021-03-31,Running Shoes,Europe,Wholesale,33018153,31.74,18.32,3.27,4.68,0.038,1047996176.2199999,335134252.94999987,0.31978575929426584
2021-03-31,Basketball Shoes,Europe,Wholesale,7890328,39.07,22.55,4.15,4.14,0.051,308275114.96,97603357.35999997,0.3166112106475556
2021-03-31,Accessories,Europe,Direct to Consumer,286107381,19.22,10.38,1.57,4.63,0.036,5498983862.82,2080000659.8699994,0.378251821019771
2021-03-31,Basketball Shoes,Europe,Direct to Consumer,170189764,42.47,20.74,4.2,4.19,0.041,7227959277.08,2983426562.92,0.4127619496114905
2021-03-31,Running Shoes,North America,Wholesale,279943003,33.23,19.18,3.03,4.84,0.06,9302505989.689999,3084971893.0599985,0.33162804694553105
2021-03-31,Running Shoes,North America,Direct to Consumer,183232156,41.32,20.17,4.92,3.59,0.052,7571152685.92,2973857891.8799996,0.3927879961277831
2021-03-31,Basketball Shoes,North America,Direct to Consumer,153089316,36.67,17.91,3.85,4.92,0.068,5613785217.72,2282561701.5600004,0.40659940005454054
2021-03-31,Accessories,Europe,Wholesale,133274786,8.74,5.42,1.04,4.05,0.052,1164821629.64,303866512.0800001,0.26086956521739135
2021-04-30,Basketball Shoes,Greater China,Direct to Consumer,66945008,41.55,20.29,4.99,4.2,0.05,2781565082.3999996,1089195280.1599996,0.3915764139590854
2021-04-30,Running Shoes,Greater China,Direct to Consumer,135814299,32.25,15.75,3.16,3.79,0.055,4380011142.75,1811762748.6599998,0.41364341085271317
2021-04-30,Athletic Apparel,Greater China,Direct to Consumer,332020680,34.05,17.61,3.21,4.3,0.043,11305304154.0,4392633596.4,0.3885462555066079
2021-04-30,Basketball Shoes,Asia Pacific & Latin America,Direct to Consumer,288523213,37.82,18.46,3.97,3.69,0.049,10911947915.66,4440372248.07,0.40692755156002114
2021-04-30,Basketball Shoes,Greater China,Wholesale,38470612,38.38,22.16,3.69,4.39,0.064,1476502088.5600002,482036768.36000025,0.3264721208963003
2021-04-30,Running Shoes,Greater China,Wholesale,150959331,23.68,13.67,2.02,3.68,0.064,3574716958.08,1206165054.69,0.33741554054054057
2021-04-30,Accessories,Asia Pacific & Latin America,Direct to Consumer,149346167,4.98,2.69,0.41,3.87,0.055,743743911.6600001,280770793.96000004,0.3775100401606426
2021-04-30,Accessories,Greater China,Direct to Consumer,26124999,19.26,10.4,1.94,4.25,0.062,503167480.74000007,180784993.08000004,0.35929387331256496
2021-04-30,Running Shoes,Europe,Wholesale,298569635,19.93,11.51,2.37,4.28,0.053,5950492825.55,1806346291.7500002,0.3035624686402409
2021-04-30,Athletic Apparel,Europe,Direct to Consumer,36901731,24.95,12.9,2.97,3.63,0.054,920698188.4499999,335067717.4799999,0.3639278557114228
2021-04-30,Running Shoes,Europe,Direct to Consumer,173067241,27.24,13.3,2.38,3.56,0.045,4714351644.84,2000657305.96,0.4243759177679882
2021-04-30,Basketball Shoes,Europe,Direct to Consumer,42940437,44.61,21.78,3.65,4.17,0.06,1915572894.57,823597581.66,0.42994844205335125
2021-04-30,Accessories,North America,Wholesale,91163779,20.88,12.94,2.25,4.85,0.042,1903499705.52,518721902.51,0.2725095785440613
2021-04-30,Athletic Apparel,North America,Wholesale,11435175,24.87,14.95,2.06,4.34,0.051,284392802.25,89880475.5,0.316043425814234
2021-04-30,Basketball Shoes,North America,Wholesale,172775306,39.61,22.86,4.09,4.17,0.054,6843629870.66,2187335373.96,0.3196162585205756
2021-04-30,Athletic Apparel,North America,Direct to Consumer,321839623,30.3,15.67,2.94,4.11,0.05,9751740576.9,3762305192.87,0.38580858085808584
2021-04-30,Basketball Shoes,North America,Direct to Consumer,192652422,43.05,21.02,3.58,3.77,0.036,8293686767.099999,3554437185.8999996,0.42857142857142855
2021-04-30,Accessories,Europe,Direct to Consumer,211116309,14.36,7.75,1.24,3.8,0.068,3031630197.24,1133694579.3299997,0.37395543175487456
2021-05-31,Athletic Apparel,Greater China,Wholesale,165590069,20.87,12.54,1.81,4.36,0.052,3455864740.03,1079647249.8800006,0.31241015812170597
2021-05-31,Accessories,Asia Pacific & Latin America,Wholesale,22628189,10.35,6.42,0.9,4.23,0.048,234201756.15,68563412.67000002,0.29275362318840586
2021-05-31,Athletic Apparel,Asia Pacific & Latin America,Wholesale,312149354,26.4,15.87,2.61,3.67,0.04,8240742945.599999,2472222883.68,0.3
2021-05-31,Athletic Apparel,Asia Pacific & Latin America,Direct to Consumer,60539521,23.05,11.92,2.29,4.0,0.05,1395435959.05,535169365.63999987,0.38351409978308015
2021-05-31,Running Shoes,Asia Pacific & Latin America,Direct to Consumer,13654208,26.36,12.87,2.23,3.74,0.058,359924922.88,153746382.08,0.4271623672230653
2021-05-31,Basketball Shoes,Greater China,Direct to Consumer,204560198,30.68,14.98,3.67,3.78,0.056,6275906874.64,2460859181.9400005,0.39211212516297267
2021-05-31,Accessories,Greater China,Wholesale,348479980,19.72,12.22,1.8,4.0,0.056,6872025205.599999,1986335885.999999,0.2890466531440161
2021-05-31,Basketball Shoes,Europe,Wholesale,200846994,34.34,19.82,3.68,4.2,0.065,6897085773.960001,2177181414.960001,0.3156668608037275
2021-05-31,Athletic Apparel,Europe,Wholesale,119979425,31.37,18.85,3.05,4.08,0.043,3763754562.25,1136205154.75,0.30188077781319733
2021-05-31,Running Shoes,Europe,Direct to Consumer,48884029,26.47,12.92,2.4,4.14,0.05,1293960247.6299999,545056923.3499999,0.42123158292406493
2021-05-31,Basketball Shoes,Europe,Direct to Consumer,211505254,40.39,19.72,4.09,4.16,0.04,8542697209.06,3506757111.32,0.4104976479326566
2021-05-31,Basketball Shoes,North America,Wholesale,170609798,36.32,20.97,3.17,4.04,0.038,6196547863.36,2078027339.6399999,0.33535242290748896
2021-05-31,Athletic Apparel,North America,Direct to Consumer,15320114,28.24,14.6,3.16,3.99,0.052,432640019.35999995,160554794.71999994,0.37110481586402255
2021-06-30,Basketball Shoes,Asia Pacific & Latin America,Wholesale,37686888,33.25,19.2,3.45,4.2,0.05,1253089026.0,399481012.79999995,0.31879699248120297
2021-06-30,Athletic Apparel,Asia Pacific & Latin America,Direct to Consumer,151775912,27.6,14.27,2.85,3.89,0.055,4189015171.2000003,1590611557.7600005,0.3797101449275363
2021-06-30,Athletic Apparel,Greater China,Wholesale,138044673,22.6,13.58,2.12,4.1,0.067,3119809609.8,952508243.7000003,0.3053097345132744
2021-06-30,Accessories,Greater China,Direct to Consumer,236548542,11.78,6.36,1.22,4.02,0.049,2786541824.7599998,993503876.3999996,0.35653650254668917
2021-06-30,Athletic Apparel,Greater China,Direct to Consumer,407046909,22.04,11.4,2.41,3.9,0.049,8971313874.359999,3349996061.0699983,0.3734119782214155
2021-06-30,Running Shoes,Greater China,Direct to Consumer,50063754,36.91,18.02,4.0,4.28,0.039,1847853160.1399999,745449297.06,0.4034137090219453
2021-06-30,Basketball Shoes,Greater China,Direct to Consumer,12368930,39.24,19.16,4.51,4.23,0.057,485356813.20000005,192584240.10000002,0.3967889908256881
2021-06-30,Accessories,Europe,Wholesale,414807288,0.61,0.38,0.06,4.25,0.076,253032445.68,70517238.96000001,0.27868852459016397
2021-06-30,Running Shoes,Europe,Wholesale,87340570,26.28,15.17,2.34,4.49,0.06,2295310179.6,765976798.8999999,0.33371385083713845
2021-06-30,Accessories,Europe,Direct to Consumer,88561232,19.05,10.29,2.19,4.51,0.045,1687091469.6000001,581847294.2400002,0.34488188976377965
2021-06-30,Running Shoes,Europe,Direct to Consumer,490037473,37.66,18.39,4.36,4.05,0.054,18454811233.179996,7306458722.429995,0.39591078066914476
2021-06-30,Accessories,North America,Wholesale,26704891,13.96,8.66,1.47,3.76,0.061,372800278.36,102279732.53000002,0.27435530085959886
2021-06-30,Athletic Apparel,North America,Wholesale,368152198,23.84,14.33,2.13,4.13,0.058,8776748400.32,2716963221.24,0.30956375838926176
2021-06-30,Athletic Apparel,North America,Direct to Consumer,227296231,31.47,16.27,3.18,4.46,0.047,7153012389.57,2732100696.62,0.3819510645058786
2021-06-30,Basketball Shoes,North America,Direct to Consumer,59889690,46.09,22.5,3.94,4.02,0.056,2760315812.1000004,1176832408.5000005,0.4263397700151878
2021-06-30,Athletic Apparel,Europe,Wholesale,220674031,30.68,18.44,3.12,3.97,0.038,6770279271.08,2012547162.7199996,0.2972620599739243
2021-07-31,Athletic Apparel,Greater China,Direct to Consumer,122050096,20.6,10.65,2.1,4.51,0.055,2514231977.6000004,958093253.6000003,0.3810679611650486
2021-07-31,Athletic Apparel,Asia Pacific & Latin America,Wholesale,118259955,26.25,15.78,2.83,4.39,0.034,3104323818.75,903506056.2,0.29104761904761905
2021-07-31,Running Shoes,Asia Pacific & Latin America,Wholesale,383912382,28.33,16.35,3.05,3.73,0.046,10876237782.06,3428337571.259999,0.31521355453582767
2021-07-31,Athletic Apparel,Asia Pacific & Latin America,Direct to Consumer,41426885,29.23,15.11,2.59,4.03,0.051,1210907848.55,477651984.04999995,0.3944577488881286
2021-07-31,Running Shoes,Asia Pacific & Latin America,Direct to Consumer,229305540,29.62,14.46,3.04,4.82,0.047,6792030094.8,2779183144.8,0.40918298446995277
2021-07-31,Basketball Shoes,Greater China,Wholesale,176936745,32.46,18.74,3.09,4.01,0.05,5743366742.7,1880837599.3500001,0.32747997535428225
2021-07-31,Accessories,Greater China,Direct to Consumer,212948179,12.78,6.9,1.33,3.9,0.055,2721477727.62,968914214.4499998,0.3560250391236306
2021-07-31,Running Shoes,Greater China,Direct to Consumer,162619512,27.76,13.55,2.38,3.81,0.051,4514317653.12,1923788826.96,0.4261527377521614
2021-07-31,Basketball Shoes,North America,Direct to Consumer,31087373,36.69,17.91,4.07,4.62,0.023,1140595715.37,457295256.8299999,0.4009266830198964
2021-07-31,Accessories,Europe,Direct to Consumer,231104883,8.89,4.8,0.8,4.59,0.032,2054522409.8700001,760335065.0700003,0.37007874015748043
2021-07-31,Accessories,North America,Wholesale,64086409,10.67,6.62,1.02,3.88,0.056,683801984.03,194181819.26999998,0.2839737582005623
2021-07-31,Running Shoes,North America,Wholesale,117125195,25.88,14.94,2.75,4.09,0.048,3031200046.6,959255347.05,0.31646058732612053
2021-07-31,Basketball Shoes,North America,Wholesale,17757597,32.8,18.94,2.92,4.42,0.039,582449181.5999999,194268111.1799999,0.3335365853658535
2021-07-31,Accessories,North America,Direct to Consumer,389895119,5.95,3.21,0.48,4.35,0.042,2319875958.05,881162968.9400002,0.3798319327731093
2021-07-31,Athletic Apparel,North America,Direct to Consumer,53131962,22.86,11.82,2.0,3.78,0.042,1214596651.32,480312936.4799999,0.3954505686789151
2021-07-31,Basketball Shoes,Greater China,Direct to Consumer,291163697,38.57,18.83,3.12,4.29,0.033,11230183793.29,4839140644.140001,0.4309048483277159
2021-08-31,Basketball Shoes,Greater China,Wholesale,350668229,39.09,22.56,3.93,4.01,0.045,13707621071.61,4418419685.400001,0.3223330775134306
2021-08-31,Basketball Shoes,Asia Pacific & Latin America,Wholesale,388994963,33.08,19.1,2.75,4.41,0.039,12867953376.039999,4368413434.489999,0.33948004836759366
2021-08-31,Athletic Apparel,Asia Pacific & Latin America,Direct to Consumer,234936677,31.47,16.27,3.21,4.15,0.042,7393457225.19,2816890757.2299995,0.38099777565935805
2021-08-31,Athletic Apparel,Asia Pacific & Latin America,Wholesale,77186615,29.78,17.9,2.8,4.4,0.068,2298617394.7000003,700854464.2000003,0.30490261920752193
2021-08-31,Running Shoes,Asia Pacific & Latin America,Direct to Consumer,387177245,42.24,20.62,3.53,4.09,0.056,16354366828.800001,7004036362.050001,0.42826704545454547
2021-08-31,Accessories,Greater China,Wholesale,227444099,13.48,8.36,1.16,4.03,0.056,3065946454.52,900678632.0400002,0.2937685459940653
2021-08-31,Athletic Apparel,Greater China,Wholesale,259373565,20.56,12.36,1.69,4.09,0.038,5332720496.4,1688521908.15,0.3166342412451362
2021-08-31,Running Shoes,Greater China,Direct to Consumer,52940504,34.33,16.76,3.27,3.88,0.057,1817447502.32,757049207.1999998,0.4165452956597727
2021-08-31,Accessories,North America,Direct to Consumer,50849186,13.65,7.37,1.19,4.45,0.051,694091388.9,258822356.73999998,0.3728937728937729
2021-08-31,Running Shoes,Europe,Wholesale,309935433,25.91,14.96,2.57,4.48,0.053,8030427069.03,2597258928.5399995,0.32342724816673096
2021-08-31,Basketball Shoes,Europe,Wholesale,134635478,26.5,15.3,2.15,4.22,0.061,3567840167.0,1218451075.8999999,0.34150943396226413
2021-08-31,Accessories,Europe,Direct to Consumer,45151103,18.73,10.12,1.74,4.46,0.053,845680159.19,310188077.61000013,0.3667912439935933
2021-08-31,Athletic Apparel,North America,Wholesale,202261457,21.42,12.88,2.42,4.23,0.045,4332440408.940001,1237840116.8400002,0.2857142857142857
2021-08-31,Running Shoes,North America,Direct to Consumer,139255897,38.58,18.84,4.1,4.45,0.055,5372492506.26,2177962229.0800004,0.4053913945049249
2021-08-31,Basketball Shoes,North America,Direct to Consumer,140556973,39.88,19.47,3.49,4.52,0.051,5605412083.240001,2378223983.160001,0.4242728184553662
2021-08-31,Accessories,Europe,Wholesale,183595931,5.14,3.18,0.43,3.8,0.041,943683085.3399999,280901774.4299999,0.29766536964980533
2021-09-30,Athletic Apparel,Asia Pacific & Latin America,Wholesale,385740537,26.37,15.85,2.12,4.26,0.03,10171977960.69,3240220510.8000007,0.31854379977246877
2021-09-30,Athletic Apparel,Asia Pacific & Latin America,Direct to Consumer,167181373,20.83,10.77,2.25,4.31,0.055,3482387999.5899997,1305686523.1299996,0.3749399903984637
2021-09-30,Accessories,Greater China,Wholesale,3646518,5.8,3.59,0.6,4.45,0.043,21149804.4,5870893.9799999995,0.2775862068965517
2021-09-30,Basketball Shoes,Greater China,Wholesale,155819234,34.23,19.76,3.83,3.89,0.05,5333692379.82,1657916649.7599995,0.31083844580777087
2021-09-30,Accessories,Greater China,Direct to Consumer,156858811,15.04,8.12,1.71,4.39,0.063,2359156517.44,817234405.3100002,0.3464095744680852
2021-09-30,Athletic Apparel,Europe,Wholesale,59551645,23.52,14.14,2.72,3.99,0.043,1400654690.3999999,396613955.6999998,0.28316326530612235
2021-09-30,Running Shoes,Europe,Wholesale,143140971,27.93,16.12,2.95,3.74,0.043,3997927320.0299997,1268229003.0599997,0.31722162549230215
2021-09-30,Basketball Shoes,Europe,Wholesale,195972423,26.85,15.5,3.17,4.13,0.039,5261859557.55,1603054420.1400003,0.3046554934823092
2021-09-30,Accessories,Europe,Direct to Consumer,215331586,14.74,7.96,1.31,4.27,0.044,3173987577.64,1177863775.4199998,0.3710990502035278
2021-09-30,Basketball Shoes,Europe,Direct to Consumer,213095906,31.2,15.23,3.27,4.03,0.054,6648592267.2,2706318006.2,0.40705128205128205
2021-09-30,Accessories,North America,Wholesale,56186558,7.27,4.51,0.67,4.09,0.052,408476276.65999997,117429906.21999998,0.2874828060522696
2021-09-30,Athletic Apparel,North America,Wholesale,20316266,26.44,15.89,2.48,4.38,0.052,537162073.0400001,163952266.62000006,0.3052193645990924
2021-09-30,Basketball Shoes,North America,Wholesale,173881549,26.45,15.27,2.79,4.65,0.052,4599166971.05,1458866196.1100001,0.3172022684310019
2021-09-30,Accessories,North America,Direct to Consumer,92150948,13.59,7.34,1.36,4.26,0.05,1252331383.32,450618135.71999997,0.3598233995584989
2021-09-30,Athletic Apparel,North America,Direct to Consumer,39206609,27.91,14.43,2.61,3.99,0.055,1094256457.19,426175839.83000004,0.3894661411680401
2021-09-30,Running Shoes,North America,Direct to Consumer,190682434,37.01,18.07,3.97,4.61,0.056,7057156882.339999,2854516036.979999,0.4044852742502026
2021-09-30,Basketball Shoes,North America,Direct to Consumer,244489776,43.2,21.09,4.93,4.32,0.057,10561958323.2,4200334351.680001,0.39768518518518525
2021-09-30,Athletic Apparel,Europe,Direct to Consumer,408391143,25.97,13.43,2.36,3.83,0.048,10605917983.71,4157421835.7399993,0.3919907585675779
2021-10-31,Accessories,Greater China,Direct to Consumer,256087884,5.03,2.71,0.56,3.73,0.047,1288122056.52,450714675.84,0.34990059642147114
2021-10-31,Basketball Shoes,Greater China,Wholesale,61495561,22.77,13.15,2.58,3.73,0.046,1400253923.97,432928749.44000006,0.3091787439613527
2021-10-31,Running Shoes,Greater China,Wholesale,185916981,36.0,20.78,3.12,4.45,0.062,6693011316.0,2249595470.0999994,0.336111111111111
2021-10-31,Running Shoes,Greater China,Direct to Consumer,230875324,33.72,16.46,3.39,4.54,0.033,7785115925.28,3202240743.8799996,0.4113285883748517
2021-10-31,Running Shoes,Asia Pacific & Latin America,Direct to Consumer,14475875,38.14,18.62,3.11,4.16,0.04,552109872.5,237549108.75,0.43025694808599896
2021-10-31,Athletic Apparel,Asia Pacific & Latin America,Direct to Consumer,99860983,27.8,14.37,2.79,4.47,0.053,2776135327.4,1062520859.1200001,0.3827338129496403
2021-10-31,Accessories,Asia Pacific & Latin America,Wholesale,418080726,6.38,3.96,0.73,4.36,0.041,2667355031.88,706556426.94,0.26489028213166144
2021-10-31,Accessories,Greater China,Wholesale,282207100,11.31,7.01,1.3,4.12,0.048,3191762301.0,846621300.0,0.26525198938992045
2021-10-31,Accessories,Europe,Wholesale,97744591,6.37,3.95,0.69,4.3,0.047,622633044.67,169098142.42999998,0.271585557299843
2021-10-31,Basketball Shoes,Europe,Wholesale,232673544,34.37,19.84,3.35,4.17,0.068,7996989707.28,2601290221.9199996,0.32528367762583643
2021-10-31,Athletic Apparel,Europe,Wholesale,45843502,27.75,16.68,2.45,4.64,0.064,1272157180.5,395170987.24,0.3106306306306306
2021-10-31,Accessories,Europe,Direct to Consumer,191186904,16.16,8.73,1.57,3.83,0.035,3089580368.64,1120355257.4399998,0.36262376237623756
2021-10-31,Running Shoes,Europe,Direct to Consumer,31557549,34.69,16.94,3.05,4.05,0.052,1094731374.81,463895970.2999999,0.4237532430095127
2021-10-31,Basketball Shoes,Europe,Direct to Consumer,247326839,43.34,21.16,4.33,4.72,0.054,10719145202.26,4414784076.150001,0.4118597138901708
2021-10-31,Accessories,North America,Wholesale,106740121,7.9,4.9,0.94,3.89,0.045,843246955.9000001,219884649.26000005,0.26075949367088613
2021-10-31,Athletic Apparel,North America,Wholesale,58140105,21.9,13.16,1.81,4.0,0.045,1273268299.5,402910927.65000004,0.3164383561643836
2021-10-31,Running Shoes,North America,Wholesale,53055363,35.09,20.25,3.44,4.32,0.072,1861712687.67,604831138.2,0.3248788828726133
2021-10-31,Accessories,North America,Direct to Consumer,81652659,20.56,11.1,2.36,4.47,0.056,1678778669.04,579733878.9,0.3453307392996109
2021-10-31,Running Shoes,North America,Direct to Consumer,144334288,43.49,21.23,4.87,4.05,0.046,6277098185.12,2509973268.3199997,0.39986203724994246
2021-11-30,Athletic Apparel,Greater China,Direct to Consumer,98855837,20.79,10.75,2.46,4.62,0.049,2055212851.23,749327244.46,0.3645983645983646
2021-11-30,Accessories,Greater China,Direct to Consumer,18007792,8.61,4.65,0.91,4.24,0.055,155047089.11999997,54923765.599999964,0.3542392566782809
2021-11-30,Basketball Shoes,Greater China,Wholesale,13493774,33.49,19.33,2.99,4.35,0.037,451906491.26000005,150725455.58000004,0.33353239773066595
2021-11-30,Athletic Apparel,Greater China,Wholesale,166052882,22.37,13.45,2.0,3.98,0.059,3714602970.34,1149085943.44,0.3093428699150648
2021-11-30,Athletic Apparel,Asia Pacific & Latin America,Wholesale,353642437,26.59,15.98,2.42,3.87,0.043,9403352399.83,2896331559.0299997,0.3080105302745393
2021-11-30,Athletic Apparel,Asia Pacific & Latin America,Direct to Consumer,101079924,26.98,13.95,2.26,4.21,0.049,2727136349.52,1088630781.48,0.39918458117123795
2021-11-30,Accessories,Asia Pacific & Latin America,Direct to Consumer,476030595,16.32,8.81,1.46,4.64,0.033,7768819310.400001,2879985099.7500005,0.3707107843137255
2021-11-30,Basketball Shoes,Asia Pacific & Latin America,Wholesale,4786737,34.82,20.1,2.98,3.96,0.066,166674182.34,56196292.38,0.33716255025847214
2021-11-30,Running Shoes,Greater China,Direct to Consumer,121816302,29.65,14.48,3.0,4.02,0.053,3611853354.2999997,1482504395.3399997,0.4104553119730185
2021-11-30,Accessories,Greater China,Wholesale,272949035,8.03,4.98,0.86,4.27,0.042,2191780751.0499997,597758386.6499995,0.27272727272727254
2021-11-30,Athletic Apparel,Europe,Wholesale,306507054,24.65,14.81,2.28,4.65,0.058,7555398881.099999,2317193328.24,0.30669371196754563
2021-11-30,Accessories,Europe,Direct to Consumer,90580607,10.24,5.53,1.2,3.97,0.047,927545415.6800001,317937930.57000005,0.34277343750000006
2021-11-30,Athletic Apparel,Europe,Direct to Consumer,527508438,33.86,17.51,3.53,4.4,0.056,17861435710.68,6762658175.16,0.3786178381571175
2021-11-30,Running Shoes,North America,Direct to Consumer,261922186,40.03,19.54,3.55,3.87,0.066,10484745105.58,4436961830.84,0.42318261304021987
2021-11-30,Athletic Apparel,North America,Direct to Consumer,73846106,24.89,12.87,2.65,4.18,0.053,1838029578.3400002,691938013.2200003,0.3764564081960628
2021-11-30,Accessories,North America,Direct to Consumer,98199724,13.11,7.08,1.35,4.37,0.054,1287398381.6399999,459574708.31999993,0.3569794050343249
2021-11-30,Running Shoes,North America,Wholesale,133230866,33.73,19.47,3.73,4.11,0.064,4493877110.179999,1402921018.9799993,0.31218499851764
2021-11-30,Basketball Shoes,North America,Direct to Consumer,438031009,40.1,19.58,4.2,4.26,0.061,17565043460.9,7148666066.880002,0.4069825436408978
2021-11-30,Accessories,North America,Wholesale,357253027,5.07,3.15,0.5,4.01,0.037,1811272846.89,507299298.34000015,0.2800788954635109
2021-11-30,Basketball Shoes,Europe,Direct to Consumer,221155519,48.46,23.66,5.08,3.53,0.043,10717196450.74,4361186834.68,0.4069335534461412
2021-11-30,Running Shoes,Europe,Direct to Consumer,247009797,34.8,16.99,3.45,3.78,0.034,8595940935.599998,3547060684.9199986,0.41264367816091946
2021-11-30,Athletic Apparel,North America,Wholesale,40542924,23.0,13.82,2.34,3.82,0.034,932487252.0,277313600.15999997,0.29739130434782607
2021-12-31,Basketball Shoes,Europe,Wholesale,542141049,35.19,20.32,4.11,4.28,0.05,19077943514.309998,5833437687.239997,0.3057686842853082
2021-12-31,Running Shoes,Asia Pacific & Latin America,Wholesale,202912157,20.83,12.02,2.19,3.43,0.059,4226660230.3099995,1343278479.3399997,0.3178108497359577
2021-12-31,Accessories,Greater China,Wholesale,141794427,3.45,2.14,0.36,3.91,0.054,489190773.15000004,134704705.65,0.2753623188405797
2021-12-31,Running Shoes,Greater China,Wholesale,16002649,31.04,17.92,3.02,4.22,0.03,496722224.96,161626754.89999995,0.32538659793814423
2021-12-31,Athletic Apparel,Greater China,Direct to Consumer,178420939,28.62,14.8,2.98,4.0,0.055,5106407274.18,1934082978.76,0.37875611460517117
2021-12-31,Running Shoes,Greater China,Direct to Consumer,285061681,29.32,14.31,3.49,4.53,0.055,8358008486.92,3283910565.12,0.39290586630286495
2021-12-31,Accessories,Europe,Wholesale,76527291,10.84,6.72,1.21,4.05,0.048,829555834.4399999,222694416.80999994,0.268450184501845
2021-12-31,Running Shoes,Europe,Wholesale,108701804,26.58,15.34,3.12,4.22,0.049,2889293950.3199997,882658648.4799998,0.30549285176824675
2021-12-31,Accessories,Europe,Direct to Consumer,157317286,11.94,6.45,1.1,3.87,0.028,1878368394.84,690622885.5399998,0.36767169179229475
2021-12-31,Running Shoes,North America,Wholesale,141550603,33.96,19.6,3.98,4.04,0.036,4807058477.88,1469295259.1399999,0.3056537102473498
2021-12-31,Athletic Apparel,North America,Wholesale,180084160,24.11,14.49,2.74,4.9,0.054,4341829097.599999,1238979020.7999992,0.285358772293654
2021-12-31,Basketball Shoes,North America,Wholesale,32732948,28.68,16.55,2.81,3.98,0.062,938780948.64,305071075.36,0.32496513249651326
2021-12-31,Accessories,North America,Direct to Consumer,23466344,14.29,7.72,1.24,3.9,0.056,335334055.76,125075613.51999998,0.37298810356892925
2021-12-31,Athletic Apparel,North America,Direct to Consumer,424854783,32.22,16.66,3.52,3.99,0.049,13688821108.26,5115251587.320001,0.3736809435133458
2021-12-31,Running Shoes,North America,Direct to Consumer,187038869,36.15,17.65,3.66,3.85,0.038,6761455114.349999,2775656815.9599996,0.41051175656984784
2021-12-31,Basketball Shoes,North America,Direct to Consumer,17029341,36.45,17.8,4.08,4.27,0.034,620719479.45,248117498.37000003,0.39972565157750345
2021-12-31,Running Shoes,Europe,Direct to Consumer,210229257,38.04,18.57,3.1,3.88,0.041,7997120936.28,3441452937.089999,0.43033648790746576
2022-01-31,Basketball Shoes,Greater China,Direct to Consumer,264602819,43.46,21.22,4.4,4.01,0.059,11499638513.74,4720514290.96,0.4104924068108606
2022-01-31,Running Shoes,Greater China,Direct to Consumer,60017040,34.79,16.98,3.59,4.42,0.056,2087992821.6,853442308.7999998,0.40873814314458173
2022-01-31,Athletic Apparel,Greater China,Direct to Consumer,79883186,24.48,12.66,2.29,3.89,0.03,1955540393.28,761286762.5799999,0.389297385620915
2022-01-31,Running Shoes,Greater China,Wholesale,178233112,30.04,17.34,2.75,4.29,0.053,5354122684.48,1773419464.3999996,0.33122503328894803
2022-01-31,Basketball Shoes,Asia Pacific & Latin America,Wholesale,85418145,37.02,21.37,3.9,4.01,0.055,3162179727.9,1003663203.75,0.31739600216099406
2022-01-31,Athletic Apparel,Asia Pacific & Latin America,Direct to Consumer,128717445,26.11,13.5,2.62,4.35,0.057,3360812488.95,1285887275.5499997,0.38261202604366135
2022-01-31,Accessories,Asia Pacific & Latin America,Direct to Consumer,231746461,23.0,12.42,2.31,4.37,0.032,5330168603.0,1916543232.47,0.35956521739130437
2022-01-31,Running Shoes,Asia Pacific & Latin America,Wholesale,206764,27.25,15.73,2.45,4.14,0.041,5634319.0,1875349.4799999997,0.33284403669724766
2022-01-31,Athletic Apparel,Asia Pacific & Latin America,Wholesale,130856536,20.85,12.53,2.13,4.42,0.064,2728358775.6000004,810001957.8400004,0.29688249400479627
2022-01-31,Basketball Shoes,Asia Pacific & Latin America,Direct to Consumer,159860591,44.69,21.82,4.75,4.25,0.037,7144169811.79,2896673908.92,0.40545983441485794
2022-01-31,Accessories,Europe,Wholesale,348139103,2.39,1.48,0.21,4.28,0.041,832052456.1700001,243697372.10000008,0.292887029288703
2022-01-31,Basketball Shoes,Europe,Wholesale,285776490,29.24,16.88,2.69,4.56,0.043,8356104567.599999,2763458658.2999997,0.33071135430916554
2022-01-31,Running Shoes,Europe,Wholesale,123135101,23.27,13.43,2.02,4.28,0.043,2865353800.27,962916489.8199999,0.3360550064460679
2022-01-31,Accessories,Europe,Direct to Consumer,31654385,21.57,11.65,1.76,4.27,0.045,682785084.45,258299781.60000005,0.3783031988873436
2022-01-31,Basketball Shoes,Europe,Direct to Consumer,263951641,47.3,23.1,5.48,4.59,0.066,12484912619.3,4941174719.519999,0.39577167019027476
2022-01-31,Accessories,North America,Wholesale,405994753,6.47,4.01,0.58,4.17,0.059,2626786051.91,763270135.6399999,0.2905718701700154
2022-01-31,Athletic Apparel,North America,Wholesale,53944586,25.17,15.13,2.98,4.0,0.06,1357785229.6200001,380848777.1600001,0.2804926499801351
2022-01-31,Running Shoes,North America,Wholesale,377076322,27.64,15.95,2.63,3.94,0.027,10422389540.08,3416311477.32,0.32778581765557163
2022-01-31,Accessories,North America,Direct to Consumer,487811348,1.7,0.92,0.19,4.19,0.041,829279291.6,287808695.32,0.34705882352941175
2022-01-31,Athletic Apparel,North America,Direct to Consumer,48521030,21.36,11.04,1.72,3.9,0.05,1036409200.8,417280858.0,0.402621722846442
2022-01-31,Running Shoes,North America,Direct to Consumer,4031529,32.54,15.89,2.94,4.04,0.054,131185953.66,55272262.589999996,0.4213275968039336
2022-01-31,Basketball Shoes,North America,Direct to Consumer,169024592,42.96,20.97,4.76,4.19,0.048,7261296472.32,2912293720.16,0.40107076350093107
2022-01-31,Athletic Apparel,Europe,Wholesale,196393889,19.84,11.92,1.6,4.5,0.042,3896454757.7599998,1241209378.4799995,0.3185483870967741
2022-02-28,Running Shoes,Greater China,Wholesale,383294996,28.36,16.37,2.76,4.47,0.058,10870246086.56,3537812813.079999,0.3254583921015514
2022-02-28,Running Shoes,Greater China,Direct to Consumer,167938879,31.86,15.56,3.21,4.3,0.049,5350532684.94,2198319926.109999,0.4108600125549277
2022-02-28,Basketball Shoes,Asia Pacific & Latin America,Direct to Consumer,28751816,42.02,20.52,3.48,4.17,0.048,1208151308.3200002,518107724.32000023,0.4288434079009997
2022-02-28,Running Shoes,Europe,Wholesale,140389577,36.07,20.82,4.33,4.26,0.056,5063852042.39,1533054180.8400006,0.30274466315497656
2022-02-28,Accessories,Asia Pacific & Latin America,Direct to Consumer,691838,8.87,4.79,0.73,3.47,0.059,6136603.06,2317657.3,0.37767756482525366
2022-02-28,Running Shoes,Asia Pacific & Latin America,Wholesale,114663713,28.83,16.64,3.39,4.17,0.044,3305754845.79,1009040674.3999999,0.30523759972251124
2022-02-28,Accessories,Asia Pacific & Latin America,Wholesale,131588549,3.95,2.45,0.41,4.34,0.05,519774768.55,143431518.41,0.27594936708860757
2022-02-28,Athletic Apparel,Asia Pacific & Latin America,Direct to Consumer,81643624,27.62,14.28,2.51,4.11,0.066,2254996894.88,884200447.9200001,0.3921071687183201
2022-02-28,Basketball Shoes,Greater China,Direct to Consumer,332548523,49.67,24.25,4.34,3.78,0.038,16517685137.41,7010122864.84,0.4244010469096034
2022-02-28,Accessories,North America,Wholesale,409185894,18.81,11.66,1.96,4.51,0.056,7696786666.139999,2123674789.8599994,0.27591706539074956
2022-02-28,Athletic Apparel,Europe,Direct to Consumer,149954074,33.49,17.31,3.37,3.86,0.048,5021961938.26,1920911687.9400005,0.3825022394744701
2022-02-28,Basketball Shoes,North America,Direct to Consumer,318214521,41.64,20.33,3.34,3.96,0.056,13250452654.44,5718314942.370001,0.4315561959654179
2022-02-28,Running Shoes,North America,Direct to Consumer,96844427,33.9,16.55,3.15,4.06,0.042,3283026075.2999997,1375190863.3999996,0.41887905604719755
2022-02-28,Accessories,North America,Direct to Consumer,78013457,14.45,7.8,1.5,3.77,0.032,1127294453.6499999,401769303.54999983,0.3564013840830449
2022-02-28,Accessories,Europe,Wholesale,64244853,7.75,4.81,0.75,4.09,0.061,497897610.75,140696228.07000005,0.28258064516129044
2022-02-28,Running Shoes,Europe,Direct to Consumer,4411555,30.41,14.85,2.5,4.53,0.044,134155387.55,57614908.3,0.42946399210785924
2022-02-28,Basketball Shoes,North America,Wholesale,283597785,25.62,14.79,2.86,4.25,0.042,7265775251.7,2260274346.4500003,0.31108508977361443
2022-03-31,Running Shoes,Greater China,Wholesale,50793425,37.46,21.63,4.33,4.26,0.046,1902721700.5,584124387.5,0.30699412706887347
2022-03-31,Accessories,Asia Pacific & Latin America,Wholesale,117627274,7.49,4.64,0.85,4.46,0.037,881028282.26,235254548.0,0.26702269692923897
2022-03-31,Athletic Apparel,Asia Pacific & Latin America,Wholesale,74673142,19.23,11.56,2.06,4.56,0.039,1435964520.66,418916326.6200001,0.29173166926677074
2022-03-31,Basketball Shoes,Asia Pacific & Latin America,Wholesale,273001830,37.07,21.4,3.89,4.5,0.046,10120177838.1,3215961557.4000006,0.317777178311303
2022-03-31,Athletic Apparel,Asia Pacific & Latin America,Direct to Consumer,119578025,32.95,17.04,2.77,4.03,0.046,3940095923.7500005,1571255248.5000005,0.3987860394537178
2022-03-31,Basketball Shoes,Asia Pacific & Latin America,Direct to Consumer,282604343,39.42,19.25,3.72,4.59,0.05,11140263201.060001,4648841442.350001,0.417300862506342
2022-03-31,Accessories,Greater China,Wholesale,285602263,10.34,6.41,1.12,4.11,0.03,2953127399.42,802542359.0300002,0.2717601547388782
2022-03-31,Accessories,Greater China,Direct to Consumer,96401428,6.19,3.34,0.71,3.84,0.047,596724839.32,206299055.92000008,0.3457189014539581
2022-03-31,Athletic Apparel,Greater China,Direct to Consumer,54098256,29.71,15.36,2.98,4.18,0.055,1607259185.76,615097170.72,0.3826994278020869
2022-03-31,Running Shoes,Greater China,Direct to Consumer,93638858,29.72,14.51,2.9,3.98,0.052,2782946859.7599998,1152694341.9799998,0.41419919246298786
2022-03-31,Basketball Shoes,North America,Direct to Consumer,258045141,32.17,15.71,2.72,4.07,0.045,8301312185.97,3545540237.34,0.4271059993783028
2022-03-31,Accessories,Europe,Wholesale,283108278,7.26,4.5,0.85,3.83,0.051,2055366098.28,540736810.98,0.2630853994490358
2022-03-31,Athletic Apparel,Europe,Wholesale,53867490,14.6,8.77,1.63,4.76,0.061,786465354.0,226243458.00000006,0.2876712328767124
2022-03-31,Basketball Shoes,Europe,Wholesale,690739515,32.35,18.67,2.72,4.51,0.055,22345423310.25,7570505084.399999,0.3387944358578052
2022-03-31,Athletic Apparel,Europe,Direct to Consumer,26390504,21.52,11.13,2.48,4.11,0.034,567923646.08,208748886.64,0.3675650557620817
2022-03-31,Accessories,North America,Wholesale,305702943,8.59,5.32,0.7,4.01,0.056,2625988280.37,785656563.5099999,0.29918509895227
2022-03-31,Running Shoes,North America,Wholesale,441512346,26.26,15.16,2.53,4.39,0.071,11594114205.960001,3783760805.220001,0.32635186595582644
2022-03-31,Basketball Shoes,North America,Wholesale,30061593,29.11,16.8,2.86,3.82,0.049,875092972.23,284082053.85,0.32463071109584335
2022-03-31,Athletic Apparel,North America,Direct to Consumer,576203636,33.84,17.49,2.86,4.33,0.057,19498731042.24,7772987049.640002,0.39864066193853437
2022-03-31,Basketball Shoes,Greater China,Direct to Consumer,142811260,45.16,22.05,4.19,4.1,0.046,6449356501.599999,2701989039.1999993,0.4189548272807794
2022-04-30,Basketball Shoes,Greater China,Direct to Consumer,51298787,44.68,21.81,4.37,4.68,0.063,2292029803.16,949027559.4999998,0.4140555058191584
2022-04-30,Running Shoes,Greater China,Direct to Consumer,160767169,42.7,20.85,3.82,3.91,0.05,6864758116.3,2898632057.07,0.42224824355971896
2022-04-30,Accessories,Greater China,Direct to Consumer,32608825,13.62,7.36,1.42,4.21,0.067,444132196.5,157826713.0,0.355359765051395
2022-04-30,Running Shoes,Europe,Wholesale,112463290,33.38,19.27,3.84,4.4,0.077,3754024620.2000003,1154997988.3000007,0.3076692630317557
2022-04-30,Basketball Shoes,Asia Pacific & Latin America,Direct to Consumer,4102353,39.23,19.15,3.15,4.11,0.042,160935308.19,69452836.29,0.4315574815192455
2022-04-30,Running Shoes,Asia Pacific & Latin America,Direct to Consumer,289530838,36.1,17.62,3.63,4.31,0.048,10452063251.800001,4299532944.300001,0.4113573407202217
2022-04-30,Accessories,Asia Pacific & Latin America,Direct to Consumer,61710224,7.07,3.82,0.66,4.52,0.05,436291283.68,159829480.16000003,0.3663366336633664
2022-04-30,Basketball Shoes,Greater China,Wholesale,45372030,30.14,17.4,2.72,4.07,0.028,1367512984.2,454627740.60000014,0.33244857332448585
2022-04-30,Accessories,Asia Pacific & Latin America,Wholesale,112278397,10.84,6.72,1.13,4.48,0.045,1217097823.48,335712407.0300001,0.2758302583025831
2022-04-30,Athletic Apparel,Europe,Direct to Consumer,369851595,33.5,17.32,3.88,4.42,0.044,12390028432.5,4549174618.5,0.36716417910447763
2022-04-30,Accessories,North America,Wholesale,37248527,4.95,3.07,0.44,4.19,0.047,184380208.65,53637878.88,0.2909090909090909
2022-04-30,Athletic Apparel,North America,Wholesale,183373413,21.07,12.66,2.42,4.3,0.044,3863677811.91,1098406743.87,0.28429046037019456
2022-04-30,Running Shoes,North America,Wholesale,76732824,29.48,17.02,3.31,3.92,0.061,2262083651.52,702105339.5999999,0.31037991858887376
2022-04-30,Basketball Shoes,North America,Wholesale,49514142,34.91,20.15,3.18,4.07,0.058,1728538697.2199998,573373764.3599999,0.3317101117158407
2022-04-30,Accessories,North America,Direct to Consumer,241539239,12.2,6.59,1.16,4.04,0.049,2946778715.7999997,1074849613.5499997,0.3647540983606557
2022-04-30,Athletic Apparel,North America,Direct to Consumer,412428472,32.11,16.6,2.71,3.69,0.027,13243078235.92,5279084441.599999,0.398629710370601
2022-04-30,Running Shoes,North America,Direct to Consumer,148545572,38.12,18.61,4.06,4.32,0.048,5662557204.639999,2295029087.3999996,0.405299055613851
2022-04-30,Basketball Shoes,North America,Direct to Consumer,421343125,40.88,19.96,3.77,4.51,0.037,17224506950.0,7226034593.75,0.4195205479452055
2022-04-30,Basketball Shoes,Europe,Wholesale,14496951,29.58,17.08,3.35,3.92,0.052,428819810.58,132647101.65,0.30933062880324547
2022-05-31,Running Shoes,Greater China,Wholesale,345883926,27.21,15.7,2.49,4.17,0.052,9411501626.460001,3119873012.520001,0.3314957736126425
2022-05-31,Athletic Apparel,Greater China,Wholesale,196777141,24.95,14.99,2.82,4.17,0.054,4909589667.95,1404988786.7399998,0.28617234468937874
2022-05-31,Basketball Shoes,Asia Pacific & Latin America,Direct to Consumer,33624629,34.28,16.74,3.5,4.67,0.053,1152652282.1200001,472089791.1600002,0.4095682613768963
2022-05-31,Running Shoes,Asia Pacific & Latin America,Direct to Consumer,265585422,33.4,16.31,3.08,3.96,0.044,8870553094.8,3720851762.2199993,0.41946107784431136
2022-05-31,Athletic Apparel,Asia Pacific & Latin America,Wholesale,57185530,16.13,9.69,1.91,4.28,0.055,922402598.9,259050450.90000004,0.2808431494110354
2022-05-31,Basketball Shoes,Asia Pacific & Latin America,Wholesale,503815021,32.22,18.6,3.1,4.53,0.07,16232919976.619999,5300134020.919998,0.32650527622594655
2022-05-31,Running Shoes,Asia Pacific & Latin America,Wholesale,111214083,22.35,12.9,2.14,4.19,0.044,2485634755.05,812974946.7300001,0.3270693512304251
2022-05-31,Basketball Shoes,Greater China,Wholesale,91049483,32.74,18.9,2.67,4.17,0.046,2980960073.42,1017022725.1100003,0.3411728772144167
2022-05-31,Accessories,Asia Pacific & Latin America,Wholesale,23399114,14.93,9.26,1.27,4.09,0.053,349348772.02,102956101.6,0.29470864032150035
2022-05-31,Accessories,Asia Pacific & Latin America,Direct to Consumer,178568923,1.6,0.87,0.17,4.15,0.039,285710276.8,99998596.88000003,0.3500000000000001
2022-05-31,Running Shoes,Greater China,Direct to Consumer,347989117,39.32,19.2,3.72,4.77,0.045,13682932080.44,5707021518.800001,0.417090539165819
2022-05-31,Basketball Shoes,Europe,Wholesale,179798292,32.58,18.81,3.02,3.65,0.062,5857828353.36,1932831638.9999995,0.3299570288520564
2022-05-31,Accessories,Europe,Wholesale,174169254,7.96,4.94,0.69,4.21,0.048,1386387261.84,405814361.8199998,0.2927135678391959
2022-05-31,Running Shoes,Europe,Wholesale,171671689,36.43,21.03,3.92,3.87,0.046,6253999630.2699995,1970790989.7199993,0.3151248970628602
2022-05-31,Accessories,Europe,Direct to Consumer,311596310,10.17,5.49,1.14,4.29,0.053,3168934472.7,1103050937.3999996,0.3480825958702064
2022-05-31,Athletic Apparel,Europe,Direct to Consumer,384801007,25.52,13.19,2.73,3.92,0.039,9820121698.64,3694089667.1999993,0.37617554858934166
2022-05-31,Running Shoes,Europe,Direct to Consumer,162597225,24.7,12.06,2.7,4.49,0.054,4016151457.5,1616216416.5,0.40242914979757083
2022-05-31,Running Shoes,North America,Wholesale,58086385,32.04,18.5,3.35,4.31,0.056,1861087775.3999999,591900263.1499999,0.3180399500624219
2022-05-31,Basketball Shoes,North America,Wholesale,255537230,39.38,22.73,3.72,4.17,0.05,10063056117.400002,3304096383.900001,0.3283392585068563
2022-05-31,Accessories,North America,Direct to Consumer,23018187,10.84,5.86,0.9,4.35,0.048,249517147.07999998,93914202.96,0.3763837638376384
2022-05-31,Running Shoes,North America,Direct to Consumer,80311834,30.96,15.12,2.95,3.55,0.043,2486454380.64,1035219540.26,0.41634366925064603
2022-05-31,Basketball Shoes,Greater China,Direct to Consumer,262596237,33.19,16.2,2.75,3.69,0.042,8715569106.029999,3739370414.879999,0.42904489304007226
2022-06-30,Basketball Shoes,Asia Pacific & Latin America,Direct to Consumer,61950356,40.55,19.8,3.82,3.94,0.053,2512086935.7999997,1048819527.0799998,0.41750924784217014
2022-06-30,Accessories,Greater China,Direct to Consumer,20125390,10.6,5.73,0.88,3.72,0.042,213329134.0,80300306.1,0.3764150943396226
2022-06-30,Running Shoes,Asia Pacific & Latin America,Direct to Consumer,217522579,34.54,16.86,3.38,4.74,0.062,7513229878.66,3110572879.7,0.41401273885350315
2022-06-30,Athletic Apparel,Greater China,Direct to Consumer,49054189,19.28,9.97,1.6,4.64,0.05,945764763.9200001,378207797.19000006,0.399896265560166
2022-06-30,Running Shoes,Asia Pacific & Latin America,Wholesale,194949553,24.81,14.32,2.48,3.99,0.046,4836698409.929999,1561545919.5299993,0.3228536880290204
2022-06-30,Athletic Apparel,Asia Pacific & Latin America,Wholesale,36894006,21.13,12.7,2.32,4.01,0.05,779570346.78,225422376.66,0.28916232844297207
2022-06-30,Basketball Shoes,Asia Pacific & Latin America,Wholesale,111795373,35.63,20.57,3.64,3.85,0.051,3983269139.9900002,1276703159.66,0.3205164187482459
2022-06-30,Athletic Apparel,Europe,Wholesale,101667012,26.67,16.03,2.79,4.19,0.041,2711459210.04,798086044.1999998,0.2943382077240344
2022-06-30,Basketball Shoes,North America,Direct to Consumer,193745912,36.92,18.03,4.25,4.31,0.05,7153099071.04,2836440151.68,0.39653304442036835
2022-06-30,Basketball Shoes,Europe,Wholesale,190012672,30.57,17.65,2.46,4.42,0.055,5808687383.04,1987532549.1200004,0.342165521753353
2022-06-30,Running Shoes,Europe,Direct to Consumer,206430896,40.12,19.59,4.32,4.08,0.043,8282007547.5199995,3346244824.16,0.4040378863409771
2022-06-30,Basketball Shoes,Europe,Direct to Consumer,44338201,51.92,25.35,6.08,4.19,0.046,2302039395.92,908489738.49,0.3946456086286595
2022-06-30,Accessories,North America,Wholesale,253012310,8.53,5.29,0.97,4.16,0.06,2158195004.2999997,574337943.6999996,0.2661195779601405
2022-06-30,Athletic Apparel,North America,Wholesale,327935268,25.82,15.52,3.05,4.14,0.048,8467288619.76,2377530693.0000005,0.28079008520526727
2022-06-30,Athletic Apparel,North America,Direct to Consumer,279203604,19.88,10.28,1.82,4.39,0.043,5550567647.5199995,2172204039.1199994,0.3913480885311871
2022-06-30,Running Shoes,Europe,Wholesale,99293552,25.29,14.6,2.79,4.41,0.062,2511133930.08,784419060.8,0.31237643337287463
2022-07-31,Accessories,Asia Pacific & Latin America,Wholesale,122208101,15.91,9.86,1.64,4.3,0.046,1944330886.91,538937725.4100002,0.27718416090509124
2022-07-31,Running Shoes,Asia Pacific & Latin America,Wholesale,15294594,31.19,18.0,2.59,3.82,0.044,477038386.86,162122696.4,0.33985251683231804
2022-07-31,Basketball Shoes,Asia Pacific & Latin America,Direct to Consumer,55314857,41.12,20.08,4.57,3.52,0.041,2274546919.8399997,911035694.7899997,0.4005350194552528
2022-07-31,Accessories,Greater China,Wholesale,25012769,-1.31,-0.81,-0.12,4.25,0.051,-32766727.39,-9504852.22,0.29007633587786263
2022-07-31,Running Shoes,Greater China,Wholesale,8000670,30.69,17.72,2.61,4.13,0.052,245540562.3,82886941.20000003,0.33756924079504735
2022-07-31,Basketball Shoes,Greater China,Wholesale,49467016,43.34,25.02,4.01,4.41,0.057,2143900473.44,707872998.9600002,0.33017997231195206
2022-07-31,Accessories,Greater China,Direct to Consumer,169385813,23.56,12.72,1.89,4.36,0.05,3990729754.2799997,1516003026.3499997,0.37988115449915105
2022-07-31,Running Shoes,Greater China,Direct to Consumer,29190645,25.78,12.59,2.92,4.13,0.04,752534828.1,299787924.15000004,0.3983708301008534
2022-07-31,Basketball Shoes,Europe,Wholesale,184775270,25.48,14.71,2.18,4.58,0.058,4708073879.6,1587219569.3000002,0.33712715855573
2022-07-31,Basketball Shoes,North America,Direct to Consumer,249524863,35.96,17.56,3.02,3.8,0.042,8972914073.48,3837692392.9399996,0.42769744160177975
2022-07-31,Athletic Apparel,Europe,Direct to Consumer,316474079,26.48,13.69,2.99,4.08,0.055,8380233611.92,3101445974.2,0.3700906344410876
2022-07-31,Basketball Shoes,Europe,Direct to Consumer,11297902,26.09,12.74,2.56,4.03,0.038,294762263.18,121904362.58000001,0.4135684170180146
2022-07-31,Accessories,North America,Wholesale,266278478,12.58,7.8,1.03,4.32,0.049,3349783253.2400002,998544292.5000004,0.2980922098569158
2022-07-31,Running Shoes,North America,Wholesale,25463175,29.46,17.0,3.25,4.23,0.052,750145135.5,234515841.75,0.31262729124236255
2022-07-31,Basketball Shoes,North America,Wholesale,207577394,40.36,23.3,3.24,4.36,0.042,8377823621.84,2868719585.0800004,0.34241823587710607
2022-07-31,Athletic Apparel,North America,Direct to Consumer,169790206,27.62,14.28,3.27,4.28,0.044,4689605489.72,1709787374.4200006,0.3645908761766837
2022-07-31,Running Shoes,North America,Direct to Consumer,195384559,32.12,15.68,3.58,4.15,0.059,6275752035.08,2512645428.74,0.400373599003736
2022-07-31,Accessories,Europe,Direct to Consumer,456499259,9.65,5.21,1.11,4.4,0.039,4405217849.35,1520142532.4700005,0.34507772020725397
2022-08-31,Athletic Apparel,Greater China,Wholesale,13005529,16.12,9.69,1.31,4.08,0.057,209649127.48000002,66588308.48000003,0.3176178660049629
2022-08-31,Accessories,Greater China,Wholesale,129037482,10.03,6.22,0.98,4.36,0.076,1294245944.4599998,365176074.0599998,0.28215353938185433
2022-08-31,Basketball Shoes,Asia Pacific & Latin America,Direct to Consumer,208629032,36.22,17.69,3.41,4.14,0.059,7556543539.04,3154470963.8399997,0.4174489232468249
2022-08-31,Running Shoes,Greater China,Wholesale,197417518,18.65,10.77,1.98,3.99,0.044,3681836710.7,1164763356.1999998,0.3163538873994638
2022-08-31,Accessories,Asia Pacific & Latin America,Direct to Consumer,98792225,9.67,5.22,0.8,3.42,0.052,955320815.75,360591621.25,0.37745604963805585
2022-08-31,Basketball Shoes,Asia Pacific & Latin America,Wholesale,90937948,35.43,20.45,3.31,4.51,0.057,3221931497.64,1061245853.16,0.3293818797629128
2022-08-31,Running Shoes,Asia Pacific & Latin America,Wholesale,96085906,23.74,13.7,2.73,3.67,0.053,2281079408.44,702387972.86,0.3079191238416175
2022-08-31,Running Shoes,Asia Pacific & Latin America,Direct to Consumer,326832326,33.86,16.53,3.38,4.32,0.037,11066542558.36,4559310947.7,0.41199054932073237
2022-08-31,Basketball Shoes,Greater China,Wholesale,129903310,33.75,19.48,3.18,3.99,0.058,4384236712.5,1440627707.8999999,0.32859259259259255
2022-08-31,Accessories,Europe,Wholesale,158842726,11.85,7.35,0.99,4.07,0.049,1882286303.1,557537968.26,0.29620253164556964
2022-08-31,Basketball Shoes,North America,Direct to Consumer,346990362,33.76,16.48,3.61,3.96,0.037,11714394621.119999,4743358248.539999,0.40491706161137436
2022-08-31,Basketball Shoes,Europe,Wholesale,82181803,40.67,23.48,4.07,4.39,0.048,3342333928.01,1078225255.3600001,0.32259650848291127
2022-08-31,Accessories,Europe,Direct to Consumer,186494664,6.69,3.61,0.71,3.91,0.055,1247649302.16,441992353.6800001,0.35426008968609873
2022-08-31,Athletic Apparel,Europe,Direct to Consumer,8735514,30.88,15.96,3.41,4.17,0.038,269752672.32,100545766.13999999,0.3727331606217616
2022-08-31,Accessories,North America,Wholesale,88526601,11.74,7.28,1.05,3.72,0.055,1039302295.74,301875709.41,0.29045996592844975
2022-08-31,Running Shoes,North America,Wholesale,305567905,27.6,15.93,2.81,4.03,0.049,8433674178.0,2707331638.3,0.3210144927536232
2022-08-31,Accessories,North America,Direct to Consumer,132632702,11.69,6.31,1.05,4.81,0.05,1550476286.3799999,574299599.6599998,0.37040205303678353
2022-08-31,Running Shoes,North America,Direct to Consumer,107702946,33.33,16.27,3.29,4.3,0.056,3589739190.18,1483069566.42,0.4131413141314132
2022-08-31,Accessories,Greater China,Direct to Consumer,286832815,8.25,4.46,0.79,4.27,0.052,2366370723.75,860498444.9999999,0.3636363636363636
2022-09-30,Accessories,Europe,Wholesale,321130768,5.94,3.68,0.48,3.74,0.046,1907516761.92,571612767.0400001,0.2996632996632997
2022-09-30,Basketball Shoes,Greater China,Direct to Consumer,125679860,44.7,21.83,4.55,4.75,0.05,5617889742.0,2302455035.2000003,0.40984340044742734
2022-09-30,Running Shoes,Greater China,Direct to Consumer,60480306,33.31,16.26,3.73,3.55,0.061,2014598992.8600001,805597675.9200001,0.39987991594115885
2022-09-30,Running Shoes,Europe,Direct to Consumer,194726288,37.17,18.15,4.04,4.44,0.049,7237976124.96,2916999794.2400002,0.40301318267419967
2022-09-30,Athletic Apparel,Asia Pacific & Latin America,Direct to Consumer,203170319,25.23,13.04,2.46,3.87,0.062,5125987148.37,1976847203.8700001,0.38565200158541424
2022-09-30,Basketball Shoes,Asia Pacific & Latin America,Wholesale,111993443,34.05,19.66,3.64,3.84,0.055,3813376734.1499996,1203929512.2499995,0.3157121879588839
2022-09-30,Basketball Shoes,Greater China,Wholesale,135671303,38.55,22.25,3.47,4.53,0.069,5230128730.65,1740662817.4899995,0.3328145265888456
2022-09-30,Basketball Shoes,Europe,Wholesale,173730728,35.45,20.46,3.87,4.39,0.051,6158754307.6,1931885695.3600001,0.31368124118476726
2022-09-30,Athletic Apparel,North America,Wholesale,310454326,25.84,15.53,3.05,3.72,0.058,8022139783.84,2253898406.76,0.28095975232198145
2022-09-30,Accessories,North America,Wholesale,179457047,14.35,8.9,1.21,4.8,0.081,2575208624.45,760897879.2799999,0.29547038327526126
2022-09-30,Running Shoes,North America,Wholesale,61449390,25.51,14.72,2.6,3.95,0.055,1567573938.9,503270504.1,0.3210505684045472
2022-09-30,Basketball Shoes,North America,Wholesale,110981726,30.93,17.85,2.93,4.64,0.033,3432664785.18,1126464518.8999996,0.32816036210798566
2022-09-30,Athletic Apparel,North America,Direct to Consumer,181973999,34.84,18.01,3.97,3.68,0.043,6339974125.160001,2340185627.1400003,0.36911595866819746
2022-09-30,Basketball Shoes,North America,Direct to Consumer,15566108,36.87,18.0,4.38,3.98,0.04,573922401.9599999,225552904.91999993,0.3930024410089503
2022-09-30,Athletic Apparel,Europe,Direct to Consumer,202110913,34.19,17.67,3.91,4.45,0.044,6910172115.469999,2548618612.929999,0.3688212927756653
2022-10-31,Running Shoes,Greater China,Wholesale,50694948,21.5,12.41,2.25,4.46,0.059,1089941382.0,346753444.31999993,0.3181395348837209
2022-10-31,Basketball Shoes,Greater China,Wholesale,322904380,36.66,21.16,3.92,4.32,0.055,11837674570.8,3739232720.399999,0.31587561374795414
2022-10-31,Athletic Apparel,Greater China,Wholesale,13886500,19.93,11.98,1.89,4.25,0.058,276757945.0,84152190.0,0.30406422478675366
2022-10-31,Accessories,Europe,Wholesale,281122238,17.34,10.75,1.56,4.05,0.053,4874659606.92,1414044857.14,0.29008073817762403
2022-10-31,Basketball Shoes,Asia Pacific & Latin America,Direct to Consumer,315053512,39.1,19.09,4.11,4.45,0.04,12318592319.2,5009350840.800001,0.4066496163682865
2022-10-31,Athletic Apparel,Asia Pacific & Latin America,Direct to Consumer,42846812,31.44,16.26,2.6,4.04,0.059,1347103769.28,539012894.9599998,0.40012722646310417
2022-10-31,Accessories,Greater China,Wholesale,111434462,0.91,0.56,0.09,4.29,0.057,101405360.42,28972960.119999997,0.2857142857142857
2022-10-31,Running Shoes,Europe,Wholesale,185821458,27.84,16.07,2.52,4.7,0.045,5173269390.72,1718848486.5000002,0.3322557471264368
2022-10-31,Athletic Apparel,Asia Pacific & Latin America,Wholesale,315293125,21.28,12.79,2.26,3.99,0.045,6709437700.0,1964276168.7500005,0.2927631578947369
2022-10-31,Athletic Apparel,Europe,Direct to Consumer,118154356,21.09,10.91,2.07,4.17,0.055,2491875368.04,958231827.16,0.3845424371740161
2022-10-31,Basketball Shoes,Europe,Direct to Consumer,65324363,39.18,19.13,4.05,4.51,0.062,2559408542.34,1045189808.0000004,0.40837161817253714
2022-10-31,Accessories,North America,Wholesale,338610691,13.59,8.43,1.26,4.4,0.035,4601719290.69,1320581694.8999994,0.2869757174392935
2022-10-31,Athletic Apparel,North America,Wholesale,277275473,31.24,18.78,2.83,4.44,0.039,8662085776.52,2670162804.99,0.308258642765685
2022-10-31,Basketball Shoes,North America,Wholesale,52695764,29.64,17.11,2.46,4.17,0.052,1561902444.96,530646343.4800001,0.3397435897435898
2022-10-31,Accessories,North America,Direct to Consumer,9763988,2.76,1.49,0.25,4.26,0.051,26948606.88,9959267.76,0.3695652173913044
2022-10-31,Running Shoes,North America,Direct to Consumer,229628592,38.95,19.02,3.77,3.87,0.033,8944033658.400002,3710798046.720001,0.41489088575096283
2022-10-31,Basketball Shoes,North America,Direct to Consumer,27291245,33.61,16.41,3.99,4.13,0.041,917258744.4499999,360517346.4499999,0.3930377863731032
2022-10-31,Accessories,Europe,Direct to Consumer,97114142,9.57,5.17,1.02,4.19,0.048,929382338.94,328245799.96000004,0.35318704284221525
2022-11-30,Accessories,Asia Pacific & Latin America,Wholesale,576814714,0.12,0.07,0.01,3.82,0.035,69217765.67999999,23072588.559999987,0.3333333333333332
2022-11-30,Running Shoes,Asia Pacific & Latin America,Wholesale,14522286,30.98,17.88,2.56,4.02,0.052,449900420.28000003,153064894.44000006,0.34021949644932226
2022-11-30,Basketball Shoes,Asia Pacific & Latin America,Wholesale,17942468,33.04,19.07,2.73,4.12,0.059,592819142.72,201673340.32000005,0.3401937046004843
2022-11-30,Basketball Shoes,Asia Pacific & Latin America,Direct to Consumer,76007561,42.06,20.53,4.18,4.53,0.044,3196878015.6600003,1318731183.3500001,0.4125059438896814
2022-11-30,Accessories,Greater China,Wholesale,216224974,16.82,10.43,1.52,4.57,0.051,3636904062.68,1053015623.3799996,0.28953626634958374
2022-11-30,Running Shoes,Greater China,Wholesale,42805358,27.84,16.07,2.79,4.11,0.049,1191701166.72,384392114.84,0.3225574712643678
2022-11-30,Running Shoes,Greater China,Direct to Consumer,201067986,36.14,17.64,3.66,4.28,0.041,7266597014.04,2983848912.24,0.4106253458771444
2022-11-30,Basketball Shoes,Greater China,Direct to Consumer,228872584,45.68,22.3,3.97,3.41,0.05,10454899637.12,4442416855.440001,0.4249124343257443
2022-11-30,Athletic Apparel,Europe,Wholesale,140876892,16.66,10.01,1.37,3.79,0.044,2347009020.72,743829989.7599998,0.31692677070828323
2022-11-30,Accessories,Europe,Direct to Consumer,200832914,16.38,8.84,1.65,4.12,0.054,3289643131.3199997,1182905863.4599998,0.3595848595848596
2022-11-30,Accessories,North America,Wholesale,47367447,10.37,6.43,1.14,4.82,0.039,491200425.39,132628851.60000001,0.2700096432015429
2022-11-30,Athletic Apparel,North America,Wholesale,652090231,24.63,14.8,2.16,4.33,0.058,16060982389.529999,5001532071.769998,0.31140885099472176
2022-11-30,Accessories,North America,Direct to Consumer,227942838,8.16,4.41,0.95,4.16,0.053,1860013558.08,638239946.3999999,0.34313725490196073
2022-11-30,Athletic Apparel,North America,Direct to Consumer,272473844,43.5,22.49,4.1,4.51,0.045,11852612214.0,4607532702.040001,0.3887356321839081
2022-11-30,Basketball Shoes,North America,Direct to Consumer,44103681,40.93,19.98,4.4,4.1,0.044,1805163663.33,729915920.55,0.4043488883459565
2022-11-30,Accessories,Europe,Wholesale,452935826,14.61,9.06,1.41,4.6,0.027,6617392417.86,1875154319.6399994,0.2833675564681724
2022-12-31,Basketball Shoes,Greater China,Direct to Consumer,137047819,43.01,21.0,4.75,3.92,0.064,5894426695.19,2365445355.9399996,0.4013020227853987
2022-12-31,Athletic Apparel,Greater China,Direct to Consumer,108740991,27.09,14.0,2.77,4.23,0.047,2945793446.19,1122207027.1200001,0.380952380952381
2022-12-31,Basketball Shoes,Greater China,Wholesale,161830017,31.6,18.24,3.67,4.06,0.056,5113828537.2,1568132864.73,0.3066455696202532
2022-12-31,Running Shoes,Greater China,Wholesale,32369774,24.96,14.41,2.09,4.43,0.056,807949559.0400001,273848288.0400001,0.33894230769230776
2022-12-31,Athletic Apparel,Asia Pacific & Latin America,Wholesale,194429773,26.88,16.15,2.79,4.18,0.043,5226272298.24,1543772397.62,0.29538690476190477
2022-12-31,Running Shoes,Asia Pacific & Latin America,Direct to Consumer,137975129,41.17,20.1,3.36,4.32,0.061,5680436060.93,2443539534.59,0.4301675977653631
2022-12-31,Accessories,Asia Pacific & Latin America,Wholesale,254185363,15.45,9.58,1.47,4.79,0.05,3927163858.35,1118415597.1999998,0.28478964401294493
2022-12-31,Running Shoes,Asia Pacific & Latin America,Wholesale,38964757,32.02,18.48,3.75,4.31,0.029,1247651519.14,381464971.0300001,0.30574640849469087
2022-12-31,Basketball Shoes,Asia Pacific & Latin America,Direct to Consumer,310107698,41.92,20.47,3.88,3.84,0.057,12999714700.16,5448592253.860001,0.419131679389313
2022-12-31,Accessories,Europe,Wholesale,168822193,4.43,2.75,0.46,4.45,0.038,747882314.99,205963075.46,0.27539503386004516
2022-12-31,Athletic Apparel,Asia Pacific & Latin America,Direct to Consumer,221988358,38.81,20.07,4.45,4.69,0.068,8615368173.980001,3172213635.820001,0.3682040711156919
2022-12-31,Running Shoes,Europe,Wholesale,135098197,34.04,19.65,3.09,3.87,0.059,4598742625.88,1526609626.1000004,0.33196239717978854
2022-12-31,Athletic Apparel,Europe,Wholesale,126888259,24.61,14.79,2.29,3.95,0.044,3122720053.99,955468590.2699999,0.3059731816334823
2022-12-31,Accessories,North America,Direct to Consumer,8394663,10.49,5.67,1.18,4.28,0.065,88060014.87,30556573.320000004,0.34699714013346045
2022-12-31,Basketball Shoes,North America,Wholesale,99727169,40.23,23.22,4.43,4.23,0.064,4012024008.87,1254567786.02,0.31270196370867515
2022-12-31,Athletic Apparel,North America,Wholesale,159670637,30.77,18.49,2.67,4.25,0.049,4913065500.49,1534434821.5700002,0.3123171920701983
2022-12-31,Athletic Apparel,North America,Direct to Consumer,214611918,35.2,18.2,2.83,4.4,0.039,7554339513.6,3041050878.0600004,0.4025568181818182
2022-12-31,Basketball Shoes,Europe,Direct to Consumer,207344318,41.2,20.12,4.34,4.17,0.038,8542585901.6,3470943883.3200006,0.4063106796116505
2022-12-31,Running Shoes,Europe,Direct to Consumer,206733315,29.56,14.43,2.6,3.87,0.042,6111036791.4,2590368436.95,0.4238836265223275
2022-12-31,Accessories,Europe,Direct to Consumer,199081079,11.58,6.25,1.01,4.27,0.045,2305358894.82,860030261.2800002,0.3730569948186529
2022-12-31,Accessories,North America,Wholesale,57819496,11.28,6.99,1.24,4.71,0.061,652203914.88,176349462.79999995,0.27039007092198575
2023-01-31,Running Shoes,Greater China,Direct to Consumer,105217230,34.19,16.69,3.12,4.02,0.061,3597377093.7,1513023767.3999996,0.4205908160280783
2023-01-31,Running Shoes,Asia Pacific & Latin America,Wholesale,32773213,34.62,19.98,4.14,4.12,0.058,1134608634.06,344118736.49999994,0.3032928942807625
2023-01-31,Basketball Shoes,Asia Pacific & Latin America,Wholesale,177669117,42.41,24.48,4.71,4.08,0.058,7534947251.969999,2348785726.7399993,0.3117189342136288
2023-01-31,Basketball Shoes,Asia Pacific & Latin America,Direct to Consumer,170804689,33.12,16.17,3.3,4.18,0.042,5657051299.679999,2331484004.8499994,0.41213768115942023
2023-01-31,Accessories,Greater China,Wholesale,69075337,7.7,4.78,0.8,3.85,0.05,531880094.90000004,146439714.44000003,0.27532467532467536
2023-01-31,Running Shoes,Greater China,Wholesale,75102293,26.6,15.36,2.49,4.19,0.042,1997720993.8000002,657145063.7500001,0.32894736842105265
2023-01-31,Running Shoes,Europe,Wholesale,72375150,30.22,17.44,3.55,4.14,0.043,2187177033.0,668022634.5,0.3054268696227664
2023-01-31,Accessories,Asia Pacific & Latin America,Wholesale,369297872,9.24,5.73,0.92,4.07,0.06,3412312337.28,956481488.48,0.2803030303030303
2023-01-31,Basketball Shoes,Europe,Direct to Consumer,60010670,44.91,21.93,5.18,3.86,0.056,2695079189.7,1068189926.0,0.39634825205967494
2023-01-31,Accessories,North America,Wholesale,342173020,18.28,11.33,1.72,3.96,0.049,6254922805.6,1789564894.6000004,0.2861050328227572
2023-01-31,Accessories,North America,Direct to Consumer,112056483,15.73,8.5,1.76,4.21,0.056,1762648477.5900002,612948962.0100001,0.34774316592498417
2023-01-31,Athletic Apparel,North America,Direct to Consumer,80614629,27.07,14.0,2.19,4.36,0.063,2182238007.03,877087163.5200002,0.4019209456963429
2023-01-31,Running Shoes,North America,Direct to Consumer,88317258,28.47,13.9,3.08,4.8,0.045,2514392335.2599998,1014765294.4199997,0.4035827186512117
2023-01-31,Basketball Shoes,North America,Direct to Consumer,293404316,45.31,22.12,4.12,4.32,0.04,13294149557.960001,5595220306.120001,0.42087839329066434
2023-01-31,Accessories,Europe,Direct to Consumer,179767047,12.77,6.89,1.52,4.56,0.049,2295625190.19,783784324.9200001,0.34142521534847303
2023-02-28,Athletic Apparel,Asia Pacific & Latin America,Wholesale,318956233,28.13,16.91,3.36,3.87,0.037,8972238834.289999,2506995991.379999,0.27941699253466046
2023-02-28,Running Shoes,Asia Pacific & Latin America,Wholesale,250930468,22.64,13.07,2.58,3.93,0.06,5681065795.52,1754003971.3200002,0.3087455830388693
2023-02-28,Accessories,Asia Pacific & Latin America,Direct to Consumer,163700026,7.91,4.27,0.74,4.35,0.052,1294867205.66,474730075.4000001,0.36662452591656136
2023-02-28,Athletic Apparel,Asia Pacific & Latin America,Direct to Consumer,26910378,32.46,16.78,3.1,4.23,0.063,873510869.88,338532555.23999995,0.3875539125077017
2023-02-28,Accessories,Greater China,Direct to Consumer,396157370,1.08,0.58,0.12,3.73,0.047,427849959.6,150539800.60000002,0.3518518518518519
2023-02-28,Athletic Apparel,Greater China,Direct to Consumer,49207711,40.8,21.09,4.75,4.35,0.089,2007674608.8,736147356.56,0.36666666666666664
2023-02-28,Accessories,Europe,Wholesale,107858931,6.47,4.01,0.64,4.78,0.036,697847283.5699999,196303254.41999993,0.2812982998454404
2023-02-28,Basketball Shoes,Europe,Wholesale,99676,37.4,21.59,3.05,3.92,0.043,3727882.4,1271865.76,0.3411764705882353
2023-02-28,Athletic Apparel,Europe,Direct to Consumer,120246796,26.95,13.93,2.44,4.36,0.062,3240651152.2,1272211101.6799998,0.3925788497217068
2023-02-28,Running Shoes,Europe,Direct to Consumer,108533146,31.84,15.55,3.4,4.0,0.043,3455695368.64,1398992251.9399996,0.40483668341708534
2023-02-28,Basketball Shoes,Europe,Direct to Consumer,260804846,37.59,18.35,3.14,4.55,0.052,9803654161.140001,4198958020.600001,0.4283054003724395
2023-02-28,Athletic Apparel,North America,Wholesale,189966318,21.01,12.63,2.46,4.22,0.054,3991192341.1800003,1124600602.5600002,0.2817705854355069
2023-02-28,Accessories,North America,Direct to Consumer,262730835,1.02,0.55,0.11,4.27,0.039,267985451.70000002,94583100.60000002,0.3529411764705883
2023-02-28,Athletic Apparel,North America,Direct to Consumer,353388605,38.27,19.79,3.81,3.83,0.057,13524181913.35,5184210835.35,0.38332897831199375
2023-02-28,Basketball Shoes,North America,Direct to Consumer,232937411,38.88,18.99,3.62,4.67,0.047,9056606539.68,3789891676.9700007,0.41846707818930046
2023-02-28,Accessories,Europe,Direct to Consumer,104431180,8.31,4.49,0.82,3.99,0.047,867823105.8000001,313293540.0,0.3610108303249097
2023-03-31,Basketball Shoes,Greater China,Wholesale,408246207,31.18,18.0,2.78,3.78,0.057,12729116734.26,4245760552.8,0.3335471456061578
2023-03-31,Running Shoes,Asia Pacific & Latin America,Wholesale,15516865,29.3,16.92,3.0,4.1,0.052,454644144.5,145548193.7,0.32013651877133104
2023-03-31,Accessories,Asia Pacific & Latin America,Direct to Consumer,98839155,12.45,6.72,1.26,4.19,0.045,1230547479.75,441811022.84999996,0.35903614457831323
2023-03-31,Athletic Apparel,Asia Pacific & Latin America,Direct to Consumer,101501471,31.17,16.12,2.97,3.64,0.046,3163800851.07,1226137769.6799998,0.3875521334616618
2023-03-31,Accessories,Greater China,Wholesale,227754943,6.58,4.08,0.58,4.18,0.041,1498627524.94,437289490.56,0.2917933130699088
2023-03-31,Running Shoes,Greater China,Wholesale,225832948,19.17,11.07,2.17,4.17,0.063,4329217613.160001,1339189381.6400008,0.30933750652060527
2023-03-31,Accessories,Asia Pacific & Latin America,Wholesale,36809269,12.55,7.78,1.34,4.14,0.044,461956325.95000005,126255792.67000005,0.2733067729083666
2023-03-31,Accessories,Greater China,Direct to Consumer,135103728,2.78,1.5,0.33,3.63,0.041,375588363.84,128348541.59999996,0.3417266187050359
2023-03-31,Basketball Shoes,Greater China,Direct to Consumer,274929999,41.57,20.3,4.42,4.13,0.059,11428840058.43,4632570483.150001,0.40534038970411357
2023-03-31,Running Shoes,Greater China,Direct to Consumer,110801776,36.83,17.98,3.1,3.86,0.074,4080829410.08,1745127972.0,0.4276405104534347
2023-03-31,Accessories,Europe,Wholesale,161003736,8.11,5.03,0.89,4.36,0.052,1305740298.9599998,352598181.8399998,0.27003699136868053
2023-03-31,Basketball Shoes,Europe,Wholesale,67056914,24.15,13.94,2.41,4.43,0.034,1619424473.1,523043929.1999999,0.32298136645962733
2023-03-31,Running Shoes,North America,Wholesale,158954172,31.33,18.09,2.58,3.92,0.067,4980034208.759999,1694451473.5199993,0.34024896265560156
2023-03-31,Basketball Shoes,North America,Wholesale,175101215,39.28,22.67,4.33,4.46,0.052,6877975725.2,2150242920.2,0.3126272912423625
2023-03-31,Athletic Apparel,North America,Direct to Consumer,72394771,23.27,12.03,2.76,4.23,0.02,1684626321.17,613907658.0800002,0.3644177051998282
2023-03-31,Athletic Apparel,Greater China,Direct to Consumer,130943140,36.33,18.78,2.95,4.33,0.071,4757164276.2,1911769843.9999995,0.40187173135150006
2023-04-30,Running Shoes,Asia Pacific & Latin America,Wholesale,204743853,23.4,13.51,2.72,4.45,0.029,4791006160.2,1468013426.01,0.30641025641025643
2023-04-30,Basketball Shoes,Asia Pacific & Latin America,Wholesale,325295436,24.59,14.2,2.93,3.68,0.053,7999014771.24,2426703952.56,0.3033753558357056
2023-04-30,Accessories,Asia Pacific & Latin America,Direct to Consumer,9440759,10.59,5.72,1.18,4.17,0.05,99977637.81,34836400.71000001,0.34844192634560917
2023-04-30,Running Shoes,Asia Pacific & Latin America,Direct to Consumer,161026338,33.8,16.5,2.77,4.23,0.045,5442690224.4,2339712691.1399994,0.42988165680473367
2023-04-30,Basketball Shoes,Asia Pacific & Latin America,Direct to Consumer,76733846,34.59,16.89,3.09,4.35,0.046,2654223733.1400003,1121081490.0600004,0.42237640936686915
2023-04-30,Accessories,Greater China,Wholesale,56636123,11.44,7.1,0.95,3.95,0.048,647917247.12,191996456.97000006,0.2963286713286714
2023-04-30,Accessories,Asia Pacific & Latin America,Wholesale,103758721,11.66,7.23,1.04,4.39,0.045,1209826686.8600001,351742064.19000006,0.29073756432247
2023-04-30,Athletic Apparel,Europe,Direct to Consumer,33429805,34.75,17.97,3.38,4.42,0.048,1161685723.75,447959387.0000001,0.385611510791367
2023-04-30,Basketball Shoes,Europe,Direct to Consumer,78425848,50.2,24.51,4.88,4.43,0.056,3936977569.6000004,1632041896.8800004,0.41454183266932276
2023-04-30,Accessories,North America,Wholesale,156538777,10.63,6.59,1.12,4.64,0.044,1664007199.5100002,457093228.8400003,0.27469426152398885
2023-04-30,Athletic Apparel,North America,Wholesale,226920165,24.52,14.73,2.19,4.73,0.05,5564082445.8,1724593254.0,0.3099510603588907
2023-04-30,Basketball Shoes,North America,Wholesale,53757999,30.47,17.59,2.92,4.09,0.047,1638006229.53,535429670.04,0.3268788972760092
2023-04-30,Basketball Shoes,North America,Direct to Consumer,253461016,29.32,14.32,3.32,4.33,0.062,7431476989.12,2960424666.88,0.3983628922237381
2023-04-30,Accessories,Greater China,Direct to Consumer,234410358,17.91,9.67,1.52,3.81,0.056,4198289511.78,1575237605.76,0.37520938023450584
2023-05-31,Accessories,Asia Pacific & Latin America,Direct to Consumer,271685590,7.27,3.92,0.72,4.14,0.055,1975154239.3,714533101.7,0.3617606602475929
2023-05-31,Athletic Apparel,Asia Pacific & Latin America,Direct to Consumer,155026972,24.71,12.77,2.04,4.29,0.04,3830716478.1200004,1534767022.8000007,0.4006475111290977
2023-05-31,Running Shoes,Asia Pacific & Latin America,Direct to Consumer,157387109,30.82,15.05,3.32,4.39,0.037,4850670699.38,1959469507.0499997,0.4039584685269305
2023-05-31,Accessories,Greater China,Wholesale,363878408,14.01,8.69,1.46,4.42,0.068,5097936496.08,1404570654.8799999,0.2755174875089222
2023-05-31,Athletic Apparel,Greater China,Wholesale,181797530,19.89,11.95,2.28,4.06,0.059,3615952871.7000003,1028974019.8000003,0.2845651080945199
2023-05-31,Running Shoes,Greater China,Wholesale,65932233,35.85,20.69,2.89,3.91,0.043,2363670553.05,808988498.9100002,0.34225941422594147
2023-05-31,Basketball Shoes,Greater China,Direct to Consumer,240993126,43.28,21.13,4.46,4.08,0.057,10430182493.28,4263168398.9400005,0.4087338262476895
2023-05-31,Basketball Shoes,Europe,Wholesale,115685572,38.13,22.01,4.08,4.09,0.062,4411090860.360001,1392854286.8800004,0.31576186729609235
2023-05-31,Accessories,Europe,Direct to Consumer,135359950,9.94,5.37,0.89,3.76,0.045,1345477903.0,498124616.0,0.3702213279678068
2023-05-31,Basketball Shoes,Europe,Direct to Consumer,38130004,38.3,18.7,3.12,4.67,0.041,1460379153.1999998,628382465.9199998,0.4302872062663185
2023-05-31,Athletic Apparel,North America,Wholesale,161094828,26.79,16.1,2.31,4.06,0.043,4315730442.12,1349974658.6399996,0.31280328480776404
2023-05-31,Basketball Shoes,Greater China,Wholesale,97204221,31.39,18.12,3.68,4.48,0.055,3051240497.19,932188479.3900001,0.3055113093341829
2023-06-30,Basketball Shoes,Greater China,Wholesale,247625081,27.48,15.86,2.35,3.92,0.053,6804737225.88,2295484500.8700004,0.33733624454148475
2023-06-30,Basketball Shoes,Asia Pacific & Latin America,Wholesale,54519567,37.43,21.61,4.21,4.68,0.056,2040667392.81,632972172.8700001,0.3101790008014962
2023-06-30,Basketball Shoes,Asia Pacific & Latin America,Direct to Consumer,499126134,45.86,22.39,3.83,4.55,0.073,22889924505.239998,9802837271.759998,0.428259921500218
2023-06-30,Accessories,Greater China,Wholesale,77068635,14.73,9.13,1.29,4.18,0.04,1135220993.55,332165816.8499999,0.29260013577732513
2023-06-30,Athletic Apparel,Greater China,Wholesale,2375060,32.56,19.57,3.41,4.06,0.033,77331953.60000001,22753074.800000004,0.29422604422604426
2023-06-30,Accessories,Asia Pacific & Latin America,Wholesale,387720816,12.01,7.45,1.13,4.09,0.048,4656527000.16,1329882398.8799996,0.2855953372189841
2023-06-30,Running Shoes,Greater China,Wholesale,153101414,37.16,21.45,4.01,4.36,0.054,5689248544.24,1791286543.8000002,0.3148546824542519
2023-06-30,Running Shoes,Greater China,Direct to Consumer,61113656,34.34,16.77,3.48,4.58,0.053,2098642947.0400002,861091413.0400001,0.4103086779266162
2023-06-30,Basketball Shoes,Europe,Direct to Consumer,375082854,46.31,22.61,3.74,3.93,0.062,17370086968.74,7486653765.840003,0.431008421507234
2023-06-30,Accessories,Europe,Direct to Consumer,64137614,9.61,5.19,0.77,3.93,0.064,616362470.54,234102291.09999993,0.3798126951092611
2023-06-30,Running Shoes,Europe,Direct to Consumer,419458727,37.83,18.47,3.54,3.97,0.053,15868123642.41,6635837061.14,0.4181866243721914
2023-06-30,Athletic Apparel,North America,Wholesale,234679710,26.94,16.19,2.89,4.17,0.053,6322271387.400001,1844582520.6000004,0.2917594654788419
2023-06-30,Running Shoes,North America,Wholesale,233107186,23.51,13.57,2.38,4.38,0.053,5480349942.860001,1762290326.1600008,0.32156529136537654
2023-06-30,Athletic Apparel,North America,Direct to Consumer,620487666,28.81,14.9,2.38,4.26,0.042,17876249657.46,7154222788.98,0.400208261020479
2023-06-30,Running Shoes,North America,Direct to Consumer,22516249,35.6,17.38,2.92,4.26,0.059,801578464.4,344498609.7,0.4297752808988764
2023-06-30,Basketball Shoes,Europe,Wholesale,33886092,39.1,22.57,4.63,4.38,0.078,1324946197.2,403244494.79999995,0.3043478260869565
2023-07-31,Accessories,Asia Pacific & Latin America,Wholesale,9542789,5.86,3.63,0.49,4.71,0.069,55920743.54000001,16604452.860000007,0.2969283276450513
2023-07-31,Athletic Apparel,Asia Pacific & Latin America,Wholesale,451777280,9.1,5.47,0.87,4.14,0.052,4111173248.0,1246905292.8000002,0.30329670329670333
2023-07-31,Athletic Apparel,Asia Pacific & Latin America,Direct to Consumer,32613668,21.03,10.87,2.24,4.17,0.042,685865438.0400001,258300250.56000012,0.37660485021398016
2023-07-31,Running Shoes,Asia Pacific & Latin America,Direct to Consumer,66543736,28.06,13.7,2.31,4.62,0.056,1867217232.1599998,801852018.8,0.4294369208838204
2023-07-31,Basketball Shoes,Asia Pacific & Latin America,Direct to Consumer,126644259,40.51,19.78,4.22,4.37,0.037,5130358932.09,2090896716.0900002,0.4075536904468033
2023-07-31,Accessories,Greater China,Wholesale,239183045,11.72,7.27,1.31,3.74,0.067,2803225287.4,751034761.3000002,0.2679180887372014
2023-07-31,Athletic Apparel,Greater China,Wholesale,262616869,25.38,15.25,2.39,4.28,0.064,6665216135.219999,2032654566.0599992,0.30496453900709214
2023-07-31,Running Shoes,Greater China,Wholesale,48070139,32.7,18.88,3.12,4.11,0.036,1571893545.3000002,514350487.30000025,0.3272171253822631
2023-07-31,Accessories,Greater China,Direct to Consumer,184536864,8.55,4.62,0.73,4.8,0.042,1577790187.2,590517964.8,0.3742690058479532
2023-07-31,Athletic Apparel,Greater China,Direct to Consumer,29495380,32.16,16.63,3.44,4.61,0.049,948571420.8,356599144.2,0.37593283582089554
2023-07-31,Accessories,Europe,Wholesale,324735530,12.03,7.46,1.36,4.19,0.042,3906568425.8999996,1042401051.2999995,0.26683291770573553
2023-07-31,Accessories,Europe,Direct to Consumer,302456170,12.42,6.71,1.03,4.46,0.051,3756505631.4,1415494875.6,0.3768115942028985
2023-07-31,Athletic Apparel,Europe,Direct to Consumer,258592143,39.58,20.46,4.55,3.65,0.059,10235077019.939999,3767687523.5099983,0.3681152097018695
2023-07-31,Basketball Shoes,Europe,Direct to Consumer,325597894,31.27,15.27,2.92,4.12,0.04,10181446145.38,4258820453.519999,0.4182922929325231
2023-07-31,Athletic Apparel,North America,Wholesale,431469328,20.2,12.14,2.14,4.25,0.055,8715680425.6,2554298421.76,0.2930693069306931
2023-07-31,Athletic Apparel,North America,Direct to Consumer,80119106,28.31,14.64,2.34,4.22,0.029,2268171890.86,907749470.98,0.4002119392440833
2023-07-31,Running Shoes,North America,Direct to Consumer,348533757,33.08,16.15,3.19,4.27,0.04,11529496681.56,4788853821.18,0.4153567110036276
2023-07-31,Basketball Shoes,North America,Direct to Consumer,223299164,44.08,21.52,4.11,3.91,0.066,9843027149.119999,4119869575.799999,0.418557168784029
2023-07-31,Basketball Shoes,Greater China,Direct to Consumer,95276789,45.73,22.33,5.09,4.26,0.049,4357007560.969999,1744518006.5899994,0.40039361469494855
2023-08-31,Accessories,Asia Pacific & Latin America,Wholesale,234221439,10.65,6.6,1.23,4.58,0.054,2494458325.35,660504457.98,0.26478873239436623
2023-08-31,Athletic Apparel,Asia Pacific & Latin America,Wholesale,458086583,28.01,16.84,2.7,4.49,0.051,12831005189.83,3879993358.0099993,0.3023920028561228
2023-08-31,Athletic Apparel,Asia Pacific & Latin America,Direct to Consumer,540847735,30.48,15.76,2.79,4.2,0.048,16485038962.800001,6452313478.550001,0.39140419947506566
2023-08-31,Basketball Shoes,Asia Pacific & Latin America,Direct to Consumer,180241949,43.53,21.26,4.55,3.87,0.05,7845932039.97,3193887336.28,0.40707558005972894
2023-08-31,Accessories,Greater China,Wholesale,314241021,11.15,6.92,1.01,4.38,0.068,3503787384.15,1011856087.6199999,0.2887892376681614
2023-08-31,Basketball Shoes,Greater China,Wholesale,61417567,27.35,15.79,2.7,4.83,0.066,1679770457.45,544159643.6200001,0.32394881170018286
2023-08-31,Accessories,Greater China,Direct to Consumer,445902564,10.51,5.68,1.02,4.54,0.033,4686435947.64,1698888768.8400004,0.36251189343482404
2023-08-31,Accessories,Europe,Direct to Consumer,133913932,9.02,4.87,0.87,4.3,0.049,1207903666.6399999,439237696.9599998,0.36363636363636354
2023-08-31,Accessories,Europe,Wholesale,107814992,11.67,7.24,1.34,4.25,0.046,1258200956.64,333148325.2800001,0.26478149100257076
2023-08-31,Running Shoes,Europe,Direct to Consumer,419079916,37.06,18.09,3.67,3.93,0.037,15531101686.960001,6411922714.800001,0.41284403669724773
2023-08-31,Athletic Apparel,North America,Wholesale,119602645,24.3,14.61,2.65,3.92,0.034,2906344273.5,842002620.8,0.2897119341563786
2023-08-31,Running Shoes,North America,Wholesale,306211355,34.27,19.78,3.3,3.41,0.047,10493863135.85,3426505062.45,0.32652465713451995
2023-08-31,Running Shoes,North America,Direct to Consumer,183958191,32.06,15.65,2.66,4.17,0.049,5897699603.46,2529425126.25,0.4288833437305053
2023-08-31,Basketball Shoes,North America,Direct to Consumer,226620968,41.03,20.03,4.86,4.83,0.056,9298258317.04,3657662423.520001,0.3933707043626615
2023-08-31,Running Shoes,Greater China,Direct to Consumer,240523869,23.45,11.45,2.36,3.91,0.066,5640284728.05,2318650097.160001,0.41108742004264404
2023-09-30,Basketball Shoes,Asia Pacific & Latin America,Wholesale,250667041,37.48,21.63,3.38,4.18,0.051,9395000696.679998,3125818001.2699986,0.33271077908217705
2023-09-30,Athletic Apparel,Asia Pacific & Latin America,Direct to Consumer,129229324,32.41,16.75,3.82,4.45,0.046,4188322390.8399997,1530075196.1599996,0.36531934588090087
2023-09-30,Basketball Shoes,Asia Pacific & Latin America,Direct to Consumer,9835379,35.02,17.1,3.24,4.31,0.053,344434972.58000004,144383363.72000003,0.4191890348372359
2023-09-30,Accessories,Greater China,Wholesale,81780208,10.25,6.35,0.96,4.87,0.05,838247132.0,240433811.52000004,0.28682926829268296
2023-09-30,Running Shoes,Greater China,Wholesale,158000020,26.61,15.36,3.04,4.32,0.056,4204380532.2,1297180164.2,0.3085306275836152
2023-09-30,Running Shoes,Greater China,Direct to Consumer,162243242,33.32,16.27,3.67,3.75,0.038,5405944823.44,2170814577.9599996,0.40156062424969985
2023-09-30,Running Shoes,Europe,Wholesale,197692423,34.47,19.9,3.55,4.21,0.035,6814457820.809999,2178570501.4599996,0.3196982883666956
2023-09-30,Accessories,Europe,Wholesale,168032249,15.95,9.89,1.42,3.74,0.044,2680114371.5499997,779669635.3599997,0.29090909090909084
2023-09-30,Running Shoes,Europe,Direct to Consumer,3984088,44.75,21.85,4.01,4.44,0.058,178287938.0,75259422.32,0.4221229050279329
2023-09-30,Athletic Apparel,North America,Wholesale,169482553,33.27,19.99,3.56,3.91,0.06,5638684538.31,1647370415.1600006,0.29215509467989187
2023-09-30,Running Shoes,North America,Wholesale,138801185,33.84,19.54,3.97,4.17,0.06,4697032100.400001,1433816241.0500004,0.30526004728132394
2023-09-30,Basketball Shoes,North America,Wholesale,34569396,25.8,14.9,2.36,4.57,0.046,891890416.8000001,295222641.84000003,0.3310077519379845
2023-09-30,Accessories,North America,Direct to Consumer,289057702,22.12,11.95,2.15,3.98,0.052,6393956368.240001,2318242770.040001,0.3625678119349006
2023-09-30,Running Shoes,North America,Direct to Consumer,184443322,35.22,17.2,3.07,3.95,0.044,6496093800.84,2757427663.9,0.4244747302668938
2023-09-30,Accessories,Europe,Direct to Consumer,44168244,14.3,7.72,1.32,4.41,0.057,631605889.2,232324963.44000003,0.3678321678321678
2023-10-31,Basketball Shoes,Greater China,Direct to Consumer,161888328,39.65,19.36,3.36,3.55,0.052,6418872205.2,2740769393.04,0.4269861286254729
2023-10-31,Athletic Apparel,Asia Pacific & Latin America,Wholesale,284397891,24.66,14.82,2.05,4.14,0.052,7013251992.06,2215459570.8900003,0.3158961881589619
2023-10-31,Athletic Apparel,Asia Pacific & Latin America,Direct to Consumer,199893311,28.67,14.82,2.67,4.15,0.047,5730941226.37,2234807216.98,0.38995465643529825
2023-10-31,Running Shoes,Asia Pacific & Latin America,Direct to Consumer,105971890,25.64,12.52,2.48,4.48,0.047,2717119259.6,1127540909.6,0.41497659906396256
2023-10-31,Basketball Shoes,Asia Pacific & Latin America,Direct to Consumer,224529296,37.62,18.37,4.26,3.97,0.042,8446792115.5199995,3365694147.039999,0.3984582668793194
2023-10-31,Running Shoes,Greater China,Wholesale,2201492,30.11,17.38,3.32,4.27,0.034,66286924.12,20716039.72,0.3125207572235138
2023-10-31,Accessories,Asia Pacific & Latin America,Wholesale,17700685,17.35,10.76,2.04,4.15,0.052,307106884.75,80538116.75,0.2622478386167147
2023-10-31,Athletic Apparel,Greater China,Direct to Consumer,74122908,25.82,13.35,2.1,4.17,0.045,1913853484.56,768654555.96,0.40162664601084436
2023-10-31,Accessories,Europe,Wholesale,125593095,5.93,3.67,0.5,4.24,0.047,744767053.35,221043847.20000005,0.2967959527824621
2023-10-31,Accessories,Greater China,Direct to Consumer,238490071,8.63,4.66,0.84,4.23,0.07,2058169312.7300003,746473922.2300001,0.3626882966396292
2023-10-31,Accessories,Europe,Direct to Consumer,233947306,13.98,7.55,1.35,3.7,0.047,3270583337.88,1188452314.48,0.36337625178826893
2023-10-31,Basketball Shoes,Europe,Wholesale,362235028,33.67,19.44,3.13,4.44,0.049,12196453392.76,4020808810.7999997,0.32967032967032966
2023-10-31,Running Shoes,North America,Direct to Consumer,501668803,30.2,14.74,3.42,4.36,0.058,15150397850.6,6040092388.12,0.3986754966887417
2023-10-31,Athletic Apparel,North America,Direct to Consumer,233824807,34.84,18.01,3.29,4.31,0.056,8146456275.880001,3165987886.7800007,0.38863375430539615
2023-10-31,Basketball Shoes,North America,Wholesale,53186945,33.61,19.4,3.54,3.93,0.042,1787613221.45,567504703.1500001,0.31746504016661714
2023-10-31,Basketball Shoes,North America,Direct to Consumer,271996375,41.14,20.09,3.6,4.23,0.068,11189930867.5,4746336743.75,0.42416140009722897
2023-10-31,Accessories,North America,Wholesale,61088421,9.2,5.7,0.87,4.28,0.029,562013473.1999999,160662547.22999993,0.2858695652173912
2023-10-31,Running Shoes,Europe,Direct to Consumer,498280778,50.72,24.76,4.34,4.26,0.044,25272801060.16,10772830420.359999,0.4262618296529968
2023-10-31,Athletic Apparel,Europe,Direct to Consumer,381968219,20.98,10.85,2.03,4.01,0.056,8013693234.62,3093942573.8999996,0.3860819828408007
2023-10-31,Running Shoes,North America,Wholesale,79431572,27.8,16.05,3.09,3.89,0.047,2208197701.6,687877413.5199997,0.31151079136690635
2023-11-30,Basketball Shoes,Greater China,Direct to Consumer,109220651,37.63,18.37,3.18,4.1,0.058,4109973097.13,1756268068.08,0.42731862875365395
2023-11-30,Running Shoes,Asia Pacific & Latin America,Wholesale,187304809,29.22,16.86,3.23,4.04,0.061,5473046518.98,1710092906.1699996,0.312457221081451
2023-11-30,Accessories,Asia Pacific & Latin America,Direct to Consumer,172505704,10.78,5.82,1.01,4.18,0.055,1859611489.12,681397530.7999998,0.3664192949907235
2023-11-30,Running Shoes,Asia Pacific & Latin America,Direct to Consumer,55299383,39.25,19.16,3.22,4.13,0.033,2170500782.75,932900591.21,0.42980891719745223
2023-11-30,Basketball Shoes,Asia Pacific & Latin America,Direct to Consumer,131400599,39.02,19.05,3.7,3.98,0.062,5127251372.9800005,2137887745.7300003,0.4169656586365966
2023-11-30,Athletic Apparel,Greater China,Wholesale,358680571,25.35,15.23,2.92,4.66,0.074,9092552474.85,2582500111.200001,0.2840236686390533
2023-11-30,Athletic Apparel,Europe,Wholesale,365462172,29.67,17.83,3.2,4.53,0.045,10843262643.24,3157593166.0800004,0.2912032355915066
2023-11-30,Running Shoes,Greater China,Direct to Consumer,249557228,28.95,14.13,2.38,3.78,0.056,7224681750.599999,3104491916.319999,0.4297063903281519
2023-11-30,Running Shoes,Europe,Direct to Consumer,190226868,35.89,17.53,4.03,4.14,0.045,6827242292.52,2725951018.44,0.39927556422401783
2023-11-30,Athletic Apparel,North America,Wholesale,72106488,21.75,13.07,2.59,4.59,0.044,1568316114.0,439128511.9200001,0.28
2023-11-30,Running Shoes,North America,Wholesale,101796095,27.83,16.06,2.27,4.08,0.038,2832985323.85,967062902.5000001,0.34135824649658647
2023-11-30,Basketball Shoes,North America,Wholesale,36089244,28.97,16.72,2.75,4.05,0.049,1045505398.68,342847818.0,0.3279254401104591
2023-11-30,Accessories,North America,Direct to Consumer,8979546,18.73,10.11,2.05,3.9,0.054,168186896.58,58995617.22000003,0.3507741591030434
2023-11-30,Athletic Apparel,North America,Direct to Consumer,45484242,22.66,11.72,2.44,4.05,0.041,1030672923.72,386616057.0,0.37511032656663723
2023-11-30,Basketball Shoes,Europe,Wholesale,88671977,39.44,22.77,3.76,4.12,0.047,3497222772.8799996,1144755223.0699997,0.3273326572008113
2023-12-31,Athletic Apparel,Greater China,Wholesale,45528290,25.53,15.34,2.82,3.82,0.054,1162337243.7,335543497.3,0.28867998433215825
2023-12-31,Running Shoes,Greater China,Wholesale,80296004,22.75,13.13,2.17,4.3,0.051,1826734091.0,598205229.8,0.3274725274725274
2023-12-31,Basketball Shoes,Greater China,Wholesale,83089728,30.21,17.44,2.78,4.95,0.063,2510140682.88,830066382.72,0.33068520357497516
2023-12-31,Accessories,Greater China,Direct to Consumer,191301069,13.55,7.32,1.32,4.21,0.058,2592129484.9500003,939288248.7900001,0.36236162361623614
2023-12-31,Athletic Apparel,Greater China,Direct to Consumer,124552280,39.67,20.51,3.49,4.39,0.031,4940988947.6,1951734227.6000001,0.395008822788001
2023-12-31,Running Shoes,Greater China,Direct to Consumer,80382618,32.86,16.04,3.19,4.35,0.042,2641372827.48,1095615083.34,0.41479001825928175
2023-12-31,Athletic Apparel,Europe,Direct to Consumer,104089721,33.55,17.35,3.42,4.34,0.043,3492210139.5499997,1330266634.3799996,0.38092399403874805
2023-12-31,Accessories,Europe,Direct to Consumer,144549078,19.09,10.31,2.12,4.22,0.054,2759441899.02,962696859.4799999,0.34887375589313774
2023-12-31,Basketball Shoes,Europe,Direct to Consumer,209195866,40.55,19.8,4.39,4.1,0.034,8482892366.299999,3422444367.7599993,0.40345252774352647
2023-12-31,Athletic Apparel,North America,Wholesale,65629690,16.67,10.02,1.53,4.17,0.067,1094046932.3000002,336024012.80000025,0.3071385722855431
2023-12-31,Basketball Shoes,North America,Direct to Consumer,131136448,41.05,20.04,4.5,4.33,0.054,5383151190.4,2165062756.4799995,0.4021924482338611
2023-12-31,Accessories,Greater China,Wholesale,326019613,15.08,9.35,1.57,5.0,0.039,4916375764.04,1356241590.0800002,0.2758620689655173
2023-12-31,Athletic Apparel,Europe,Wholesale,271533343,25.65,15.41,2.46,4.55,0.049,6964830247.95,2112529408.5399997,0.30331384015594537
2023-12-31,Basketball Shoes,Asia Pacific & Latin America,Wholesale,168656946,23.37,13.49,2.74,4.2,0.058,3941512828.02,1204210594.44,0.30551989730423623
